=LDR  00769aam a2200193   4500
=001  13980
=005  20250925143301.0
=008  120713s1989\\\\\\\\\\\\\\\\\\\\\\0\dut
=020  \\$a9067300705
=041  \\$adut
=245  \\$aAnti qua musica:$bHet 'open' muziekinstrument in kunst en antikunst
=260  \\$aDen Haag$bHaags Gemeentemuseum$bSDU Uitgevers$c1989
=300  \\$a96 pages
=648  \0$a20th Century (1901-2000)$1http://www.wikidata.org/entity/Q6927$920936
=650  \0$aOrganology$1http://www.wikidata.org/entity/Q899293$921400
=700  \\$4aut$aRaaijmakers, Dick$d1930-2013$1http://www.wikidata.org/entity/Q359329$915928
=942  \\$cBOO
=952  \\$00$10$2ddc$40$70$8INS$913950$aORPH$bORPH$cKTS0$d2021-09-28$p20130164$r2021-01-12 00:00:00$w2021-01-12$yBOO
=999  \\$d13980

