=LDR  02902aam a2200241   4500
=001  13987
=005  20251001162312.0
=008  200928s2013\\\\\\\\\\\\\\\\\\\\\\0dger\d
=020  \\$a9783881881319
=041  \\$ager
=100  \\$4aut$aBrenner, Daniel$915941
=245  \\$aAnton Schindler und sein Einfluss auf die Beethoven-Biographik
=260  \\$aBonn$bVerlag Beethoven-Haus Bonn$c2013
=300  \\$a579 pages
=490  \\$aReihe IV$vBand 22
=505  \\$gVorbemerkung -- Abgekürzt zitierte Literatur -- Einleitung -- Kapitel 1. Einführung und Hintergründe: Schindler und Beethoven -- 1.1 "Geheimsekretär - ohne Gehalt": Dauer und Intensität der Beziehung -- 1.2 Dichtung und Wahrheit: Schindlers Selbstentwurf -- 1.3 Schindlers "zweites Leben": Nach Beethovens Tod -- Kapitel 2. Schindlers Beethoven-Biographie in ihrem Entstehungskontext -- 2.1 Zunehmende Isolation: Der Beginn der Beethoven-Biographik -- 2.2 Schindlers Beethoven-Biographie. Erste Auflage 1840 -- 2.3 Zunehmende Selbststilisierung: Die Jahre 1841 und 1842 -- 2.4 Schindlers Streit mit Heinrich Dorn -- 2.5 Schindlers Umgang mit den "Zauberbüchern": Polemik gegen Ries und Holz -- 2.6 Schindler als Experte: Die Beethoven-Biographien der 1850er Jahre -- 2.7 Die Dritte Auflage der Beethoven Biographie 1860 -- 2.8 Rückblick: Schindlers Selbstentwurf und das Schindler-Bild der Zeitgenossen -- Kapitel 3. Erklärungsversuche -- 3.1 Schindlers ästhetische Positionen -- 3.2 Selbstwahrnehmung und Selbstvorwurf: Versuch einer Deutung -- Kapitel 4. Wirkungsgeschichte: Schindlers Einfluss auf die Beethoven-Biographik -- 4.1 Die Beethoven-Biographien nach 1860 und ihre Sicht auf Schindler -- 4.2 Die Leonore-Overtüren -- 4.3 Unterschiedliche Wirkungsweisen -- 4.4 Die "Unsterbliche Geliebte" -- 4.5 Die Poetische Idee -- 4.5.1 Die Rezeption der Poetischen Idee am Beispiel der
Sonate op. 10 Nr. 3 -- 4.5.2 Das "bittende" und das "widerstrebende Princip" -- 4.5.3 Lichnowskys Liebesgeschichte in op. 90 -- 4.5.4 "Muß es seyn? Es muß sein" - das Streichquartett op. 135 -- 4.5.5 Shakespears "Sturm" in den Sonaten op. 31 Nr. 2 und op. 57 -- 4.5.6 Das "Schicksal" in der fünften Sinfonie op. 67 -- 4.5.7 Zusammenfassung -- Ergebnisse und Folgerungen -- Anhang: Schindlers Korrespondenz -- Zur Edition -- Verzeichnis der Briefe -- Übertragungen -- Quellen- und Literaturverzeichnis -- Personenregister
=600  \0$1http://www.wikidata.org/entity/Q255$aBeethoven, Ludwig van$d1770-1827$95335
=650  \0$1http://www.wikidata.org/entity/Q36279$aBiography$91927
=650  \0$1http://www.wikidata.org/entity/Q50675$aHistoriography$921801
=650  \0$1http://www.wikidata.org/entity/Q2092865$aMusic philosophy and aesthetics$921165
=942  \\$cBOO
=952  \\$00$10$2ddc$40$6BIO_BEET_E$70$8BIO$913957$aORPH$bORPH$cKTS1_P$d2020-09-21$g64.00$l1$m1$oBIO BEET e$p20129544$r2023-07-20 00:00:00$s2021-03-10$w2021-01-12$yBOO
=999  \\$d13987

