=LDR  01314aam a2200193   4500
=001  13988
=005  20230123101103.0
=008  150324s1995\\\\\\\\\\\\\\\\\\\\\\0\e
=020  \\$a0714831573
=041  \\$aeng
=100  \\$aHayes, Malcolm$4aut$915942
=245  \\$aAnton von Webern
=260  \\$aLondon$bPhaidon Press$c1995
=300  \\$a240
=520  \\$aAnton von Webern's reputation as the originator of avant-garde music has conspired against a true recognition of one of the twentieth-century's greatest composer's. He was a pupil of Schoenberg and, like his teacher, he came to use the twelve-note method, but combined this with his love of chamber music to create a sound that was entirely his own. Single-minded and a perfectionist, he created an ouevre of extreme concentration. In this unique biography, Malcolm Hayes sets Webern's radical technical advances against the Romantic inheritance of nineteenth-century Austro-Germany, tracing the development of a man and his music. For those seeking a deeper enjoyment or understanding of Webern's work, this fluent introduction is essential reading.
=490  \\$a20th-Century Composers
=942  \\$cBOO
=952  \\$00$10$2ddc$40$6BIO_WEBE2_D$70$8BIO$913958$aORPH$bORPH$cKTS1_P$d2021-10-26$oBIO WEBE2 d$p20129800$r2021-01-12 00:00:00$w2021-01-12$yBOO
=999  \\$c13988$d13988

