=LDR  01809aam a2200205   4500
=001  13992
=005  20250908102943.0
=008  151124s1997\\\\\\\\\\\\\\\\\\\\\\0\eng\d
=020  \\$a9780819563095
=041  \\$aeng
=100  \\$aThéberge, Paul$4aut$1http://www.wikidata.org/entity/Q56311743$915947
=245  \\$aAny Sound You Can Imagine:$bMaking Music/Consuming Technology
=260  \\$aMiddletown$bWesleyan University$c1997
=300  \\$a293 pages
=520  \\$aRecent innovations in musical instrument design are not simply a response to the needs of musicians, writes Paul Théberge; they also have become "a driving force with which musicians must contend." He argues that digital synthesizers, samplers, and sequencers in studio production and in the home have caused musicians to rely increasingly on manufacturers for both the instruments themselves as well as the very sounds and musical patterns that they use to make music. Musical practices have thus become allied with a new type of consumer practice that is altogether different from earlier relationships between musicians and their instruments as a means of production. Théberge places these developments within a broad social and historical perspective that examines the development of the musical instrument industry, particularly the piano industry, the economic and cultural role of musicians' magazines and computer networks, and the fundamental relationships between musical concepts, styles, and technology.
=650  \0$aKeyboard instrument$1http://www.wikidata.org/entity/Q52954$92849
=650  \0$aTechnology$1http://www.wikidata.org/entity/Q11016$921633
=942  \\$cBOO
=952  \\$00$10$2ddc$40$6SCI_THEB$70$8SCI$913962$aORPH$bORPH$cKM12_1$d2015-11-16$l1$oSCI THEB$p20139092$r2022-06-08 00:00:00$s2021-03-12$w2015-11-16$yBOO
=999  \\$d13992

