=LDR  01591aam a2200181   4500
=001  13993
=005  20230123101104.0
=008  131128s2013\\\\\\\\\\\\\\\\\\\\\\0\e
=020  \\$a9781781680940
=041  \\$aeng
=100  \\$aOsborne, Peter$4aut$915948
=245  \\$aAnywhere or not at all: The philosophy of contemporary art
=260  \\$aLondon$bVerso$c2013
=300  \\$a282
=520  \\$aContemporary art is the object of inflated and widely divergent claims. But what kind of discourse can open it up effectively to critical analysis? Anywhere or Not at All is a major philosophical intervention in art theory that challenges the terms of established positions through a new approach at once philosophical, historical, social and art-critical. Developing the position that 'contemporary art is postconceptual art,' the book progresses through a dual series of conceptual constructions and interpretations of particular works to assess the art from a number of perspectives: contemporaneity and its global context; art against aesthetic; the Romantic pre-history of conceptual art; the multiplicity of modernisms; transcategoriality; conceptual abstraction; photographic ontology; digitalization; and the institutional and existential complexities of art-space and art-time. Anywhere or Not at All maps out the conceptual space for an art that is both critical and contemporary in the era of global capitalism.
=942  \\$cBOO
=952  \\$00$10$2ddc$40$6PHI_OSBO_A$70$8PHI$913963$aORPH$bORPH$cKM12_3_2$d2021-08-17$g19.00$oPHI OSBO a$p20133862$r2021-01-12 00:00:00$w2021-01-12$yBOO
=999  \\$c13993$d13993

