=LDR  01425aam a2200229   4500
=001  13995
=005  20250925143301.0
=008  120411s1994\\\\\\\\\\\\\\\\\\\\\\0\dut
=020  \\$a9789053521205
=041  \\$adut
=100  \\$aIjsseling, Samuel$4aut$915951
=245  \\$aApollo, Dionysos, Aphrodite en de anderen:$bGriekse goden in de hedendaagse filosofie
=260  \\$aAmsterdam$bBoom$c1994
=300  \\$a199 pages
=520  \\$aDe verhalen over de Griekse goden en helden hebben iets fascinerends, iets betoverends. Door ze opnieuw te vertellen, te onderbreken en naast andere te leggen, kunnen problemen ter sprake worden gebracht die centraal staan in de hedendaagse filosofie.

Er wordt een nieuw licht geworpen op onderwerpen als taal, poëzie en kunst, cultuur en kritiek, dood en ouderdom, tijd en vergeten, liefde en oorlog, eensgezindheid en conflict, geluk en verblinding, techniek en wetenschap.


=648  \0$aClassical Antiquity (8th Century BC-6th Century AD)$1http://www.wikidata.org/entity/Q486761$921435
=648  \0$a20th Century (1901-2000)$1http://www.wikidata.org/entity/Q6927$920936
=650  \0$aPhilosophy$1http://www.wikidata.org/entity/Q5891$92357
=650  \0$aMythology$1http://www.wikidata.org/entity/Q9134$921600
=942  \\$cBOO
=952  \\$00$10$2ddc$40$6PHI_IJSS_A$70$8PHI$913965$aORPH$bORPH$cKM12_3_2$d2021-08-11$g850.00$oPHI IJSS a$p20133756$r2021-01-12 00:00:00$w2021-01-12$yBOO
=999  \\$d13995

