=LDR  00998aam a2200205   4500
=001  13998
=005  20250120120027.0
=008  120424s2003\\\\\\\\\\\\\\\\\\\\\\0\eng
=020  \\$a9781576752692
=041  \\$aeng
=245  \\$aAppreciative Inquiry Handbook: The first in a series of AI workbooks for Leaders of Change
=260  \\$aSan Francisco$bBerrett-Koehler Publishers$c2003
=300  \\$a430 pages
=520  \\$a"Appreciative Inquiry Handbook explains in-depth what AI is and how it works, and includes stories of AI interventions and classic articles, sample project plans, interview guidelines, participant worksheets, a list of resources, a glossary of terms, and more.


=700  \\$4aut$aCooperrider, David L.$915953
=700  \\$4aut$aStavros, Jaqueline M.$915954
=700  \\$4aut$aWhitney, Diana$915955
=942  \\$cBOO
=952  \\$00$10$2ddc$40$6REF_2_000000000000000_COOP$70$8REF$913968$aORPH$bORPH$cKM12_1$d2021-08-23$oREF2 COOP$p20131223$r2021-01-12 00:00:00$w2021-01-12$yBOO
=999  \\$d13998

