=LDR  01065aam a2200181   4500
=001  14009
=005  20250120120014.0
=008  120222s1972\\\\\\\\\\\\\\\\\\\\\\0\e
=020  \\$a9780394711065
=041  \\$aeng
=100  \\$aFoucault, Michel$d1926-1984$4aut$1http://www.wikidata.org/entity/Q44272$915787
=245  \\$aThe archaeology of knowledge and the discourse on language
=260  \\$aNew York$bPantheon Books$c1972
=300  \\$a245
=520  \\$aMadness, sexuality, power, knowledge-are these facts of life or simply parts of speech? In a series of works of astonishing brilliance, historian Michel Foucault excavated the hidden assumptions that govern the way we live and the way we think. The Archaeology of Knowledge begins at the level of 'things said' and moves quickly to illuminate the connections between knowledge, language, and action in a style at once profound and personal.
=942  \\$cBOO
=952  \\$00$10$2ddc$40$6PHI_FOUC_A$70$8PHI$913979$aORPH$bORPH$cKM12_3_2$d2021-08-09$oPHI FOUC a$p20133422$r2021-01-12 00:00:00$w2021-01-12$yBOO
=999  \\$c14009$d14009

