=LDR  00763aam a2200181   4500
=001  14013
=005  20250321163507.0
=008  130521s2000\\\\\\\\\\\\\\\\\\\\\\0\ger\d
=041  \\$ager
=100  \\$aSchaller, Erika$4aut$915969
=245  \\$aDas Archivio Luigi Nono
=260  \\$aFlorence$bLeo S. Olschiki Editore$c2000
=300  \\$a[9] pages
=490  \\$aSchoenberg & Nono : a birthday offering to Nuria on may 7, 2002 / a cura di Anna Maria Morazzoni, 380 p. 0949631$vpp. 345-353
=520  \\$aArchives publiées à Venise en 2000. Avec une chronologie des évènements institutionnels 1990-2001

=942  \\$cBOO
=952  \\$00$10$2ddc$40$6BIO_NONO_E$70$8BIO$913985$aORPH$bORPH$cKTS1_P$d2021-10-19$oBIO NONO e$p20130091$r2021-01-12 00:00:00$w2021-01-12$yBOO
=999  \\$d14013

