=LDR  01672aam a2200193   4500
=001  14016
=005  20250120120028.0
=008  190514s2008\\\\\\\\\\\\\\\\\\\\\\0\i
=020  \\$a9788845261220
=041  \\$ai
=100  \\$4Editore$aFermani, Arianna$915972
=100  \\$4Presentazione$aMigliori, Maurizio$915973
=245  \\$aAristotele: le tre etiche
=260  \\$aMilan$bBompiani$c2008
=300  \\$a1380
=520  \\$aIn un unico volume e con testo greco a fronte le tre grandi opere morali di Aristotele: l'"Etica niconomachea", l"Etica eudemia" e la "Grande etica". Questi tre scritti rappresentano tutta la riflessione etica dell'Occidente, e il punto di partenza di ogni discorso filosofico sul fine della vita umana e sui mezzi per raggiungerlo, sul bene e sul male, sulla libertà e sulla scelta morale, sul significato di virtù e di vizio. La raccolta costituisce un unicum, poichè contiene la prima traduzione in italiano moderno del trattato "Sulle virtù e sui vizi". Un ampio indice ragionato dei concetti permette di individuare le articolazioni fondamentali delle nozioni e degli snodi più significativi della riflessione etica artistotelica. Tramite la presentazione, contenuta nel seggio introduttivo, dei principali problemi storico-ermeneutici legati alla composizione e alla trasmissione delle quattro opere, e di un quadro sinottico dei contenuti delle opere stesse, è possibile visualizzare la struttura complessiva degli scritti e le loro reciproche connessioni.
=942  \\$cBOO
=952  \\$00$10$2ddc$40$6PHI_ARIS_B_FERM$70$8PHI$913988$aORPH$bORPH$cKM12_3_2$d2021-08-06$oPHI ARIS b FERM$p20133230$r2021-01-12 00:00:00$w2021-01-12$yBOO
=999  \\$c14016$d14016

