=LDR  00608aam a2200169   4500
=001  14021
=005  20230123101109.0
=008  161205s1869\\\\\\\\\\\\\\\\\\\\\\0\d
=041  \\$ager
=100  \\$aTeichmüller, Gustav$4aut$915979
=245  \\$aAristotelische Forschungen: Aristoteles Philosophie der Kunst
=260  \\$aHalle$bVerlag von G. Emil Barthel$c1869
=300  \\$a464
=490  \\$aAristotelische Forschungen$v2
=942  \\$cBOO
=952  \\$00$10$2ddc$40$6PHI_ARIS_B_TEIC$70$8PHI$913993$aORPH$bORPH$cKM12_3_2$d2021-08-06$g100.00$oPHI ARIS b TEIC$p20133223$r2021-01-12 00:00:00$w2021-01-12$yBOO
=999  \\$c14021$d14021

