=LDR  01838aam a2200229   4500
=001  14022
=005  20250120120304.0
=008  140509s2011\\\\\\\\\\\\\\\\\\\\\\0\eng
=020  \\$a9781107678781
=041  \\$aeng
=100  \\$aRoark, Tony$4aut$915980
=245  \\$aAristotle on Time:$bA Study of the Physics
=260  \\$aCambridge$bCambridge University$c2011
=300  \\$a232 pages
=520  \\$aAristotle's definition of time as 'a number of motion with respect to the before and after' has been branded as patently circular by commentators ranging from Simplicius to W. D. Ross. In this book Tony Roark presents an interpretation of the definition that renders it not only non-circular, but also worthy of serious philosophical scrutiny. He shows how Aristotle developed an account of the nature of time that is inspired by Plato while also thoroughly bound up with Aristotle's sophisticated analyses of motion and perception. When Aristotle's view is properly understood, Roark argues, it is immune to devastating objections against the possibility of temporal passage articulated by McTaggart and other 20th-century philosophers. Roark's novel and fascinating interpretation of Aristotle's temporal theory will appeal to those interested in Aristotle, ancient philosophy and the philosophy of time.
=600  \0$aAristoteles$d384-322 BC$1http://www.wikidata.org/entity/Q868$94906
=648  \0$aClassical Antiquity (8th Century BC-6th Century AD)$1http://www.wikidata.org/entity/Q486761$921435
=650  \0$aPhilosophy$1http://www.wikidata.org/entity/Q5891$92357
=650  \0$aTobacco$1http://www.wikidata.org/entity/Q1566$921475
=942  \\$cBOO
=952  \\$00$10$2ddc$40$6PHI_ARIS_B_ROAR$70$8PHI$913994$aORPH$bORPH$cKM12_3_2$d2014-05-05$l1$oPHI ARIS b ROAR$p20139099$r2022-06-08 00:00:00$s2021-03-12$v21.94$w2014-05-05$yBOO
=999  \\$d14022

