=LDR  01050aam a2200229   4500
=001  14024
=005  20251001162312.0
=008  140822s1986\\\\\\\\\\\\\\\\\\\\\\0\fre\d
=020  \\$a9782865631209
=041  \\$afre
=100  \\$aBélis, Annie$4aut$915982
=245  \\$aAristoxène de Tarente et Aristote:$bLe traité d'harmonique
=260  \\$aParis$bKlincksieck$c1986
=300  \\$a274 pages
=600  00$aAristoxenos$d360/354 BC-c. 300 BC$1http://www.wikidata.org/entity/Q335156$922541
=648  \0$aClassical Antiquity (8th Century BC-6th Century AD)$1http://www.wikidata.org/entity/Q486761$921435
=650  \0$aMusic philosophy and aesthetics$1http://www.wikidata.org/entity/Q2092865$921165
=650  \0$aHarmony$1http://www.wikidata.org/entity/Q184421$92358
=650  \0$aArtistic research$1http://www.wikidata.org/entity/Q20827087$921804
=942  \\$cBOO
=952  \\$00$10$2ddc$40$6MTP_1_000000000000000_BELI$70$8MTP$913996$aORPH$bORPH$cKM12_1$d2014-08-18$l1$oMTP1 BELI$p20139103$r2022-06-08 00:00:00$s2021-03-12$v31.85$w2021-01-12$yBOO
=999  \\$d14024

