=LDR  00919aam a2200181   4500
=001  14026
=005  20250120120028.0
=008  170109s1998\\\\\\\\\\\\\\\\\\\\\\0\d
=020  \\$a3854152264
=041  \\$ager
=100  \\$aNono Schoenberg, Nuria$d-1932$4aut$1http://www.wikidata.org/entity/Q20644305$915985
=245  \\$aArnold Schönberg 1874-1951: Lebensgeschichte in Begegnungen
=260  \\$aKlagenfurt$bRitter Verlag$c1998
=300  \\$a467
=520  \\$aIm Jahre 1924 hatte Schoenberg den Versuch angestellt, eine Autobiographie zu schreiben: er legte eine Liste mit etlichen Namen an, ordnete sie nach Kategorien und nannte diese Sammlung "Lebensgeschichte in Begegnungen". Seine Tochter Nura hat aus diesem Fragment ein Buch-Projekt gemacht.
=942  \\$cBOO
=952  \\$00$10$2ddc$40$6BIO_SCHO1_B$70$8BIO$913998$aORPH$bORPH$cKTS1_P$d2021-10-19$oBIO SCHO1 b$p20129772$r2021-01-12 00:00:00$w2021-01-12$yBOO
=999  \\$c14026$d14026

