=LDR  01471aam a2200181   4500
=001  14028
=005  20250120120029.0
=008  120213s2006\\\\\\\\\\\\\\\\\\\\\\0\n
=020  \\$a9789058675347
=041  \\$adut
=100  \\$aBergé, Pieter$4aut$915991
=245  \\$aArnold Schönberg en de Zeitoper
=260  \\$aLeuven$bUniversitaire Pers Leuven$c2006
=300  \\$a238
=520  \\$aDe eenakter Von heute auf morgen (1930) is een buitenbeentje in het oeuvre van Arnold Schönberg. In meerdere opzichten lijkt dit werk, dat aansluiting zoekt bij de Zeitoper-cultuur uit de jaren '20 van de 20ste eeuw, moeilijk verenigbaar te zijn met het traditionele imago van deze strenge en ernstige Weense componist. In deze studie onderneemt musicoloog Pieter Bergé een poging om de intrinsieke ambiguïteit van Schönbergs werk vanuit verschillende invalshoeken te duiden. Via een ruime schets van de Duitse operacultuur in de jaren '20 en een grondige herlezing van de eigentijdse Zeitoper-esthetiek van o.m. Paul Hindemith, Ernst Krenek, Kurt Weill en Arnold Schönberg zelf, komt de auteur daarbij tot de conclusie dat Schönbergs werk zich manifesteert als een Zeitoper die zowel de Zeitoper-cultuur alsook de eigen artistieke en esthetische positie van Schönberg zelf aan het wankelen brengt. 


=942  \\$cBOO
=952  \\$00$10$2ddc$40$6BIO_SCHO1_E$70$8BIO$914000$aORPH$bORPH$cKTS1_P$d2021-10-19$g32.00$oBIO SCHO1 e$p20129913$r2021-01-12 00:00:00$w2021-01-12$yBOO
=999  \\$c14028$d14028

