=LDR  01230aam a2200241   4500
=001  14030
=005  20250120120132.0
=008  120110r19841975\\\\\\\\\\\\\\\\\\0\eng
=020  \\$a0571134009
=041  \\$aeng$hger
=100  \\$4aut$aSchoenberg, Arnold$d1874-1951$1http://www.wikidata.org/entity/Q154770$915986
=245  \\$aStyle and Idea: Selected Writings
=260  \\$aLondon$bFaber and Faber$c1984
=300  \\$a559 pages
=520  \\$aOne of the most influential collections of music ever published, Style and Idea includes Schoenberg's writings about himself and his music as well as studies of many other composers and reflections on art and society.
=700  \\$4edt$aStein, Leonard$915993
=700  \\$4trl$aBlack, Leo$921218
=942  \\$cBOO
=952  \\$00$10$2ddc$40$6TRE_SCHO$70$8TRE$914002$aORPH$bORPH$cKTS1_H$l0$oTRE SCHO$p20134839$r2021-01-12 00:00:00$w2021-01-12$yBOO$zUniversity of California Press
=952  \\$00$10$2ddc$40$6TRE_SCHO$70$8TRE$920075$aORPH$bORPH$cKTS1_H$d2021-04-20$l0$oTRE SCHO$p20135773$r2021-04-20 00:00:00$w2021-04-20$yBOO
=999  \\$c14030$d14030
=650  \0$aComposing$1http://www.wikidata.org/entity/Q92186587$93076
=650  \0$aMusic criticism$1http://www.wikidata.org/entity/Q11748889$921598

