=LDR  00781aam a2200169   4500
=001  14034
=005  20250120120029.0
=008  170929s2002\\\\\\\\\\\\\\\\\\\\\\0\eng
=041  \\$aeng
=100  \\$aLloyd, Catherine Ann$4aut$915999
=245  \\$aArs antiqua - ars nova$n1-2/2
=300  \\$a2 vols (158+266 pages)
=520  \\$aSubmitted for the degree of doctor in philosophy in the department of music, King's College London, 2002
=942  \\$cDIS
=952  \\$00$10$2ddc$3vol.1$40$6MTP_5_000000000000000_LLOY$70$8MTP$914005$aORPH$bORPH$cKM12_1$d2021-08-31$oMTP5 LLOY$p20131364$r2021-01-12 00:00:00$w2021-01-12$yDIS
=952  \\$00$10$2ddc$3vol.2$40$6MTP_5_000000000000000_LLOY$70$8MTP$914006$aORPH$bORPH$cKM12_1$d2021-08-31$oMTP5 LLOY$p20131353$r2021-01-12 00:00:00$w2021-01-12$yDIS
=999  \\$d14034

