=LDR  01501aam a2200241   4500
=001  14035
=005  20250120120038.0
=008  170921s1997\\\\\\\\\\\\\\\\\\\\\\0\fre
=020  \\$a2204055042
=041  \\$afre$hlat
=100  \\$aCologne, Franco de$4aut$916000
=245  \\$aArs cantus mensurabilis
=260  \\$aParis$bLes Éditions du Cerf$c1997
=300  \\$a171 pages
=490  \\$aArs musices iuxta constignationes varorium scriptorum$vMoyen âge, I
=520  \\$aL«Art du chant mesurable» est un traité fondamental dans lévolution de la notation musicale considérée sous son aspect rythmique. Participant de la transformation dune écriture modale où seul le groupement des notes (isolées, par deux, par trois, etc.) détermine leur durée, Francon établit un système dans lequel lapparence de la note fixe sa durée. Ce pas décisif engagera la notation musicale jusquà nos jours, puisque lactuelle notation est héritière du système franconien.
=648  \0$aMiddle Ages (500-1400)$1http://www.wikidata.org/entity/Q12554$920964
=700  \\$4trl$4win$aNavarre, Jean-Philippe$921158
=942  \\$cBOO
=952  \\$00$10$2ddc$40$6TRE_COLO$70$8TRE$914007$aORPH$bORPH$cKTS1_H$l0$oTRE COLO$p20135733$r2021-01-12 00:00:00$w2021-01-12$yBOO
=952  \\$00$10$2ddc$40$6TRE_COLO$70$8TRE$920017$aORPH$bORPH$cKTS1_H$d2021-04-06$eKoopman$i13E74$l0$oTRE COLO$p20124401$r2021-04-06 00:00:00$w2021-04-06$yBOO
=999  \\$c14035$d14035
=650  \0$aMusic theory$1http://www.wikidata.org/entity/Q193544$92662

