=LDR  01524aam a2200193   4500
=001  14037
=005  20250109133435.0
=008  121211s1961\\\\\\\\\\\\\\\\\\\\\\0\eng
=020  \\$a178-202
=041  \\$aeng
=100  \\$aBell, Clive$4aut$916002
=245  \\$aArt
=260  \\$aLondon$bArrow$c1961
=300  \\$a255
=520  \\$aClive Bell was a 20th century art critic. Wikipedia summarized Bells philosophy as follows. In general formalism (which can be traced back at least to Kant) is the view that it is an object's formal properties which makes something art, or which defines aesthetic experiences. Bell proposed a very strong version of formalism: he claimed that nothing else about an object is in any way relevant to assessing whether it is a work of art, or aesthetically valuable. What a painting represents, for example, is completely irrelevant to evaluating it aesthetically. Consequently, he believed that knowledge of the historical context of a painting, or the intention of the painter is unnecessary for the appreciation of visual art. He wrote: "to appreciate a work of art we need bring with us nothing from life, no knowledge of its ideas and affairs, no familiarity with its emotions"(Bell p27). According to Bell nothing is more valuable that a visual work of art.


=650  \0$aFine art$1http://www.wikidata.org/entity/Q219625$921579
=942  \\$cBOO
=952  \\$00$10$2ddc$40$6VIS_BELL$70$8VIS$914009$aORPH$bORPH$cKTS1_H$d2022-09-20$l0$oVIS BELL$p20112451$r2021-01-12 00:00:00$w2021-01-12$yBOO
=999  \\$d14037

