=LDR  02169aam a2200217   4500
=001  14039
=005  20251001162234.0
=008  120524s1993\\\\\\\\\\\\\\\\\\\\\\0\eng
=020  \\$a9780199244973
=041  \\$aeng
=100  \\$aCrowther, Paul$4aut$916006
=245  \\$aArt and Embodiment:$bFrom Aesthetics to Self-Consciousness
=260  \\$aLondon$bClarendon Press$c1993
=300  \\$a210
=520  \\$aIn his Critical Aesthetics and Postmodernism, Paul Crowther argued that art and aesthetic experiences have the capacity to humanize. In Art and Embodiment he develops this theme in much greater depth, arguing that art can bridge the gap between philosophy's traditional striving for generality and completeness, and the concreteness and contingency of humanity's basic relation to the world. As the key element in his theory, he proposes an ecological definition of art. His strategy involves first mapping out and analyzing the logical boundaries and ontological structures of the aesthetic domain. He then considers key concepts from this analysis in the light of a tradition in Continental philosophy (notably the work of Kant, Heidegger, Merleau-Ponty, and Hegel) which--by virtue of the philosophical significance that it assigns to art--significantly anticipates the ecological conception. On this basis, Crowther is able to give a full formulation of his ecological definition. Art, in making sensible or imaginative material into symbolic form, harmonizes and conserves what is unique and what is general in human experience. The aesthetic domain answers basic needs intrinsic to self-consciousness itself, and art is the highest realization of such needs. In the creation and reception of art the embodied subject is fully at home with his or her environment.

=650  \0$aAesthetics$1http://www.wikidata.org/entity/Q35986$921494
=650  \0$aConsciousness$1http://www.wikidata.org/entity/Q7087$924419
=650  \0$aCorporeality$1http://www.wikidata.org/entity/Q101490283$921406
=942  \\$cBOO
=952  \\$00$10$2ddc$40$6PHI_CROW_A$70$8PHI$914011$aORPH$bORPH$cKM12_3_2$d2021-08-11$g3.00$oPHI CROW a$p20133628$r2021-01-12 00:00:00$w2021-01-12$yBOO
=999  \\$d14039

