=LDR  01358aam a2200289   4500
=001  14047
=005  20251103124736.0
=008  120103s1980\\\\fr\ag\\\\\\\\\\\\\0\fre\d
=020  \\$a9782702013946
=041  \\$afre$hger
=100  \\$aBadura-Skoda, Paul$d1927-2019$4aut$1http://www.wikidata.org/entity/Q93672$916015
=245  \\$aL'Art de jouer Mozart au piano
=260  \\$aParis$bBuchet$bChastel$c1980
=300  \\$a377 pages
=534  \\$cLeipzig: Deutscher Verlag für Musik, 1957
=600  \0$aMozart, Wolfgang Amadeus$d1756-1791$1http://www.wikidata.org/entity/Q254$95341
=648  \0$a18th Century (1701-1800)$1http://www.wikidata.org/entity/Q7015$920899
=650  \0$aKeyboard music$1http://www.wikidata.org/entity/Q105715630$921412
=650  \0$aPiano$1http://www.wikidata.org/entity/Q5994$92127
=650  \0$aHistorically informed performance$1http://www.wikidata.org/entity/Q1344860$920980
=650  \0$aMusical interpretation$1http://www.wikidata.org/entity/Q1668139$94533
=651  \0$aAustria$1http://www.wikidata.org/entity/Q40$9202
=700  \\$aBadura-Skoda, Eva$d1929-2021$1http://www.wikidata.org/entity/Q1299094$4aut$916016
=765  \\$aMozart-Interpretation
=942  \\$cBOO
=952  \\$00$10$2ddc$40$6BIO_MOZA1_E$70$8INS$914019$aORPH$bORPH$cKTS0$d2022-01-05$oBIO MOZA1 e$p20125989$r2021-01-12 00:00:00$w2021-01-12$yBOO
=999  \\$d14047

