=LDR  01208aam a2200265   4500
=001  14052
=005  20250820130240.0
=008  131203s1833\\\\\\\\\\\\\\\\\\\\\\0\fre\d
=041  \\$afre
=100  \\$aReicha, Anton$d1770-1836$4aut$1http://www.wikidata.org/entity/Q311387$916024
=245  \\$aArt du compositeur dramatique$bou Cours complet de composition vocale
=250  \\$a1st ed.
=260  \\$aParis$bFarrenc$c1833
=300  \\$a114-111 pages$bmusical examples
=590  \\$aDivisé en quatre parties et accompagné d'un volume de planches
=648  \0$a19th Century (1801-1900)$1http://www.wikidata.org/entity/Q6955$920935
=650  \0$aMethod$1http://www.wikidata.org/entity/Q2250960$921402
=650  \0$aComposing$1http://www.wikidata.org/entity/Q92186587$93076
=650  \0$aVocal music$1http://www.wikidata.org/entity/Q685884$93319
=650  \0$aOpera$1http://www.wikidata.org/entity/Q1344$92468
=651  \0$aParis (France)$1http://www.wikidata.org/entity/Q90$9160
=856  \\$uhttps://gallica.bnf.fr/view3if/ga/ark:/12148/bpt6k9749941f$3IIIF
=942  \\$cBOO
=952  \\$00$10$2ddc$40$70$8RAR$914024$aORPH$bORPH$cKTS1_H$d2022-08-02$l0$p20130930$r2021-01-12 00:00:00$w2021-01-12$yBOO
=999  \\$d14052

