=LDR  01768aam a2200277   4500
=001  14053
=005  20250121142131.0
=008  170109r19631766\\\\\\\\\\\\\\\\\\0\mul
=041  \\$afre$ager
=100  \\$4aut$aDom Bédos de Celles$d1709-1779$1http://www.wikidata.org/entity/Q928760$95880
=245  \\$aL'Art du facteur d'orgues
=260  \\$aKassel$bBärenreiter$c1963
=300  \\$a4 vols. in 3 (142+536+676 pages) ;$b137 bl/w plates out of text (many of which folding) ;$c29 cm
=490  \\$aDocumenta Musicologica$v24-26
=520  \\$aL'art du facteur d'orgues a été écrit et publié en 1766. François Bedos de Celles y décrit en détail l'instrument et sa construction. Illustré de plus de 100 estampes, voici un ouvrage de référence indispensable dans le domaine de l'orgue.
=648  \0$a18th Century (1701-1800)$1http://www.wikidata.org/entity/Q7015$920899
=650  \0$aOrganology$1http://www.wikidata.org/entity/Q899293$921400
=650  \0$aOrgan$1http://www.wikidata.org/entity/Q1444$92810
=650  \0$aApplied arts$1http://www.wikidata.org/entity/Q2865882$921627
=651  \0$aFrance$1http://www.wikidata.org/entity/Q142$9131
=700  \\$4edt$aMahrenholz, Christhard$916026
=942  \\$cBOO
=952  \\$00$10$2ddc$3vol. 1 (1766)$40$6INS_3_000000000000000_1B_BEDO$70$8INS$914025$aORPH$bORPH$cKTS0$d2021-08-18$oINS3.1b BEDO$p20130469$r2021-01-12 00:00:00$w2021-01-12$yBOO
=952  \\$00$10$2ddc$3vols. 2-3 (1770)$40$6INS_3_000000000000000_1B_BEDO$70$8INS$914026$aORPH$bORPH$cKTS0$d2021-08-18$oINS3.1b BEDO$p20130470$r2021-01-12 00:00:00$w2021-01-12$yBOO
=952  \\$00$10$2ddc$3vol. 4 (1778)$40$6INS_3_000000000000000_1B_BEDO$70$8INS$914027$aORPH$bORPH$cKTS0$d2021-08-18$oINS3.1b BEDO$p20130471$r2021-01-12 00:00:00$w2021-01-12$yBOO
=999  \\$d14053

