=LDR  03564aam a2200265   4500
=001  14061
=005  20251001162234.0
=008  181129s1979\\\\\\\\\\\\\\\\\\\\\\0\eng
=020  \\$a0715609319
=041  \\$aeng
=245  \\$aArticles on Aristotle$n4$pPsychology & Aesthetics
=260  \\$aLondon$bDuckworth$c1979
=300  \\$a212 pages
=490  \\$aArticles on Aristotle$v4
=520  \\$aAbout Articles on Aristotle
A valuable collection of essays on Aristotle's metaphysics, by J.L. Akrill, Jacob Bernays, Jonathan Barnes, Norman Gulley, W.W. Fortenbaugh, Charles H. Kahn, Malcolm Schofield and Richard Sorabji. The collection is supplemented by an annotated bibliography, general index and index of passages cited from Aristotle.

Aristotle does not regard the philosophy of mind as a separate subject, but approaches it sometimes as a biologist, sometimes as a metaphysician, sometimes from his study of mankind. This variety of approach enables him to produce new insights, as his treatment of the relationship between body and soul, the distinction between the five senses and the nature and role of the emotions. Harder to understand, but comprehensively explained in this book, is his treatment of the imagination, and one aspect of his treatment of thinking. The book concludes with an examination of one of the most famous of Aristotle's works, the Poetics. Bernay's classic article on the role of the emotions in tragedy and the nature of catharsis is translated from the German for the first time. The book concludes with an examination of Aristotle's treatment of poetry and its role in educating us as a whole.

Articles on Aristotle brings together in four volumes some of the most important papers on Aristotle's philosophy written in the last hundred years of philosophy. Each volume in itself is a coherent attempt to treat a particular area of philosophy and to give a new perspective to Aristotle's work in it. Together the fours volumes cover the whole range of Aristotle's thought. Many of the articles are translated for the first time from French and German. Some have not been published before. All Greek quotations have been translated into Enlgish, and each volume contains a detailed bibliographical guide.

Table of contents
Preface 
Abbreviations 
1. Sensation and Consciousness in Aristotle's Psychology, Charles H. Kahn
2. Aristotle's Concept of Mind, Jonathan Barnes
3. Body and Soul in Aristotle, Richard Sorabji
4. Aristotles Definitions of psuchê, J. L. Ackrill
5. Aristotle on Demarcating the Five Senses, Richard Sorabji
6. Aristotle's Philosopher-God, Richard Norman
7. Aristotle on the Imagination, Malcolm Schofield
8. Aristotle's Rhetoric on Emotions, William W. Fortenbaugh
9. Aristotle on the Effect of Tragedy, Jacob Bernays
10. Aristotle on the Purposes of Literature, Norman Culley
Bibliography
Index of Aristotelian passages
General index
=648  \0$aClassical Antiquity (8th Century BC-6th Century AD)$1http://www.wikidata.org/entity/Q486761$921435
=650  \0$aPhilosophy$1http://www.wikidata.org/entity/Q5891$92357
=650  \0$aAesthetics$1http://www.wikidata.org/entity/Q35986$921494
=651  \0$aGreece$1http://www.wikidata.org/entity/Q41$921778
=700  \\$aBarnes, Jonathan$4edt$916033
=700  \\$aSchofield, Malcolm$4edt$916034
=700  \\$aSorabji, Richard$1http://www.wikidata.org/entity/Q7329146$4edt$916035
=942  \\$cBOO
=952  \\$00$10$2ddc$40$6PHI_ARIS_B_BARN$70$8PHI$914033$aORPH$bORPH$cKM12_3_2$d2021-08-06$oPHI ARIS b BARN$p20133224$r2021-01-12 00:00:00$w2021-01-12$yBOO
=999  \\$d14061

