=LDR  01509aam a2200193   4500
=001  14069
=005  20251010154144.0
=008  181120s2017\\\\\\\\\\\\\\\\\\\\\\0\eng
=020  \\$a9781783207909
=041  \\$aeng
=100  \\$aButt, Danny$4aut$916046
=245  \\$aArtistic Research in the Future Academy
=260  \\$aBristol$aChicago, IL$bIntellect$c2017
=300  \\$a184 pages
=520  \\$aThe rapid growth of doctoral-level art education challenges traditional ways of thinking about academic knowledge and, yet, as Danny Butt argues in this book, the creative arts may also represent a positive blueprint for the future of the university. Synthesizing institutional history with aesthetic theory, Artistic Research in the Future Academy reconceptualizes the contemporary crisis in university education toward a valuable renewal of creative research.
 
Acknowledgements
Introduction
Chapter 1: The Transformation of the University
Chapter 2: The Art School
Chapter 3: Artistic Research: Defining the Field
Chapter 4: Science and Critical Suppression
Chapter 5: Critique, Artistic and Aesthetic
Conclusion: Exiting Artistic Research
Bibliography
Index
=942  \\$cBOO
=952  \\$00$10$2ddc$40$6MTP_3_000000000000000_BUTT$70$8MTP$914041$aORPH$bORPH$cKM12_1$g81.00$l1$oMTP3 BUTT$p20134376$r2021-07-07 00:00:00$s2021-07-05$w2021-01-12$yBOO
=952  \\$00$10$2ddc$40$6MTP_3_000000000000000_BUTT$70$8MTP$919994$aORPH$bORPH$cKM12_1$d2021-03-31$l0$oMTP3 BUTT$p20135724$r2021-03-31 00:00:00$w2021-03-31$yBOO
=999  \\$d14069

