=LDR  00688aam a2200181   4500
=001  14071
=005  20250120120031.0
=008  140228s2013\\\\\\\\\\\\\\\\\\\\\\0\eng
=020  \\$a9789173072236
=100  \\$aLind, Torbjörn$916047
=245  \\$aArtistic research then and now: 2004-2013
=260  \\$aStockholm$bSwedish Research Council$c2013
=300  \\$a237 pages
=546  \\$aE / S
=942  \\$cBOO
=952  \\$00$10$40$70$8COLL_UNK$914042$aORPH$bORPH$cLOC_UNK$d2021-01-12$l0$r2021-01-12 00:00:00$w2021-01-12$yBOO
=952  \\$00$10$2ddc$40$6REF_2_000000000000000_LIND$70$8REF$914043$aORPH$bORPH$cKM12_1$d2021-08-24$g150.00$oREF2 LIND$p20131131$r2021-01-12 00:00:00$w2021-01-12$yBOO
=999  \\$d14071

