=LDR  00818aam a2200169   4500
=001  14073
=005  20230123101059.0
=008  120716s2001\\\\\\\\\\\\\\\\\\\\\\0\dut
=100  \\$aSchuermans, Pieter$4aut$915921
=245  \\$aArtistieke interactie: Een persoonlijke zoektocht
=260  \\$aGhent$bOrpheus Instituut$c2001
=300  \\$a35 pages$eScore
=500  \\$aIncluding Score "Compositie voor blokfluitenkwartet, percussie en Jongleur, 2000" (Awarded the Tech-Art Prize 2001)
=520  \\$aScriptie ingediend tot het bekomen van de titel 'Laureaat van het Orpheus Instituut' door Pieter Schuermans. Mentor: Yves Knockaert.
=942  \\$cDIS
=952  \\$00$10$2ddc$3Varia : 2$40$6MTP_5_000000000000000_SCHU$70$8COLL_UNK$914045$aORPH$bORPH$cKM12_1$d2021-08-31$oMTP5 SCHU$p20131386$r2021-01-12 00:00:00$w2021-01-12$yDIS
=999  \\$d14073

