=LDR  01987aam a2200181   4500
=001  14076
=005  20230123101123.0
=008  180828s2013\\\\\\\\\\\\\\\\\\\\\\0\e
=020  \\$a9780615669458
=041  \\$aeng
=100  \\$4edt$aBanks, Eric$eEditor$916055
=245  \\$aArtists for Artists: Fifty Years of the Foundation for Contemporary Artists
=260  \\$aNew York$bFoundation for Contemporary Arts$c2013
=300  \\$a208
=520  \\$aPublished in 2013 on the occasion of the Foundation's 50th Anniversary, Artists for Artists: Fifty Years of the Foundation for Contemporary Arts is a 208-page scholarly book that chronicles FCA's impact on generations of performing artists, made possible by generations of visual artists.

It includes an oral history compiled from interviews with original Board members, commissioned essays, ephemera from FCA's early public performances, and over 200 photographs of performances and other work supported by the Foundation, many of which are previously unpublished. During the research for the book, original recordings were discovered from the "Six Lectures" series which the Foundation sponsored and organized at the 92nd Street Y in 1966. These talks, by Buckminster Fuller, Marshall McLuhan, N.O. Brown, and others, have been transcribed for the first time and form the middle section of the book, accompanied by never-seen photo documentation of each evening. Artists for Artists also features two dozen profiles of Grants to Artists recipients from the last twenty years, a chronology, a history of grants made, and an index of the 900+ artists who contributed work to benefit exhibitions to support these grants, and a checklist from the historic first benefit exhibition at the Allan Stone Gallery in February 1963, which was perhaps the first benefit exhibition ever.
=942  \\$cBOO
=952  \\$00$10$2ddc$40$6VIS_BANK$70$8VIS$914048$aORPH$bORPH$cKTS1_H$d2022-09-20$l0$oVIS BANK$p20135988$r2021-01-12 00:00:00$w2021-01-12$yBOO
=999  \\$c14076$d14076

