=LDR  00631aam a2200181   4500
=001  14078
=005  20250120120031.0
=008  110830s2007\\\\\\\\\\\\\\\\\\\\\\0\eng
=020  \\$a9789515330093
=041  \\$aeng
=100  \\$aSvenungsson, Jan$4aut$916058
=245  \\$aAn Artist's Text Book
=260  \\$aHelsinki$bFinnish Academy of Fine Arts$c2007
=300  \\$a83 pages
=650  \0$aArtistic research$1http://www.wikidata.org/entity/Q20827087$921804
=942  \\$cBOO
=952  \\$00$10$2ddc$40$6REF_2_000000000000000_SVEN$70$8REF$914050$aORPH$bORPH$cKM12_1$d2021-08-24$oREF2 SVEN$p20131186$r2021-01-12 00:00:00$w2021-01-12$yBOO
=999  \\$d14078

