=LDR  02189aam a2200277   4500
=001  14083
=005  20251001162234.0
=008  171024s2011\\\\\\\\\\\\\\\\\\\\\\0\eng
=020  \\$a9780745649009
=041  \\$aeng$hita
=100  \\$4aut$aNegri, Antonio$d1933-2023$916063
=245  \\$aArt & Multitude:$bNine Letters on Art, Followed by Metamorphoses: Art and Immaterial Labour
=260  \\$aCambridge$bPolity$c2011
=300  \\$a123 pages
=520  \\$aNine letters on art, written to friends from exile in France in the 1980s. Starting from earlier materialist approaches to art, Negri relates artistic production to the structures of social production characteristic of each historical era. This enables him to define the nature of both material and artistic production in the era of post-modernity and post-Fordism - the era Negri characterizes as that of immaterial labour.
Negri then seeks to define artistic beauty in this new era, and this he does in terms of concepts that have become fundamental to his thinking - singularity, multitude, abstraction, collective work, event, the biopolitical, the common. Art is living labour, and therefore invention of singularity, of singular figures and objects. But this expressive act only achieves beauty when the signs and language through which it expresses itself turn themselves into community, when they are contained within a common project. The beautiful is not the act of imagining, but an imagination that has become action. Art, in this sense, is multitude.
=534  \\$aOriginally published in 1990
=648  \0$a20th Century (1901-2000)$1http://www.wikidata.org/entity/Q6927$920936
=650  \0$aPhilosophy$1http://www.wikidata.org/entity/Q5891$92357
=650  \0$aAesthetics$1http://www.wikidata.org/entity/Q35986$921494
=650  \0$aMarxism$1http://www.wikidata.org/entity/Q7264$926883
=651  \0$aItaly$1http://www.wikidata.org/entity/Q38$922
=700  \\$aEmery, Ed$4trl$916064
=765  \\$aArte e multitudo. Sette lettere del dicembre 1988
=942  \\$cBOO
=952  \\$00$10$2ddc$40$6PHI_NEGR_A$70$8PHI$914055$aORPH$bORPH$cKM12_3_2$d2021-08-06$oPHI NEGR a$p20133169$r2021-01-12 00:00:00$w2021-01-12$yBOO
=999  \\$d14083

