=LDR  01229aam a2200205   4500
=001  14084
=005  20250120115935.0
=008  120104s2003\\\\\\\\\\\\\\\\\\\\\\0\e
=020  \\$a9780486431956
=041  \\$aeng
=100  \\$aArnold, F. T.$4aut$99175
=245  \\$aThe art of accompaniment from a thorough-bass as practised in the XVIIth & XVIIIth centuries$bVolume I
=250  \\$a2
=260  \\$aMineola$bDover$c2003
=300  \\$a481 pages
=520  \\$aA solid grounding in musical techniques of the 17th and 18th centuries is essential to a complete understanding of Baroque music. This work is a comprehensive survey of the topic, covering every issue of significance to today's performers. The text features numerous musical examples, authoritative citations, scholarly interpretations and syntheses, and the author's own conclusions.
Show More 
Show Less 

=942  \\$cBOO$2ddc
=952  \\$00$10$2ddc$40$6MTP_2_000000000000000_ARNO$70$8MTP$914056$aORPH$bORPH$cKM12_1$l0$oMTP 2 ARNO$p20134683$r2021-01-12 00:00:00$w2021-01-12$yBOO
=952  \\$00$10$2ddc$40$6MTP_2_000000000000000_ARNO$70$8MTP$919929$aORPH$bORPH$cKM12_1$d2021-02-25$eKoopman$i30F42$l0$oMTP 2 ARNO$p20135502$r2021-02-25 00:00:00$w2021-02-25$yBOO
=999  \\$c14084$d14084

