=LDR  02442ajm a2200241   4500
=001  14087
=005  20250925143301.0
=008  131115s2013\\\\\\\\\|\\\\\\\\\\\\0\eng\d
=020  \\$a093228073727
=041  \\$aeng
=100  \\$4prf$aTudor, David$d1926-1996$1http://www.wikidata.org/entity/Q1176914$916066
=245  \\$aThe Art of David Tudor, 1963-1992
=260  \\$aNew York$bNew World Records$c2013
=300  \\$a7-CD
=520  \\$aDavid Tudor's (1926-1996) identity morphed seamlessly from interpreter of mainly acoustic music to composer-performer of predominately electronic music over a period of about ten years, from the mid-1950s to the mid-1960s. This set of seven CDs, the first truly comprehensive survey of Tudor's work as a composer, goes beyond any previous attempt to document that process of transformation. It captures his touch and sensitivity and offers an expansive, previously unavailable view onto more than three decades of Tudor's astonishingly original work as an electronic musician. It neatly describes the arc of his career, from his first composition, Bandoneon ! (A Combine), through the fully-realized works of his long collaboration with the Merce Cunningham Dance Company. Six works that were issued in excerpted form in Music for Merce (1952-2009) are issued here complete. Other highlights include the live soundscapes for the Pepsi Pavilion at the 1970 Osaka World Expo, the marvelous simultaneous performance with John Cage of Mesostics Re Merce Cunningham/Untitled, and two extended binaural recordings of Rainforest IV with Composers Inside Electronics, the best recorded documents of this signature work. While Cage has finally more or less received his due, Tudor's own accomplishments have been somewhat overshadowed and are ripe for a proper re-evaluation. It is our hope that the release of this set will prompt a thorough reconsideration of his seminal achievements.
=648  \0$a20th Century (1901-2000)$1http://www.wikidata.org/entity/Q6927$920936
=650  \0$aPiano$1http://www.wikidata.org/entity/Q5994$92127
=650  \0$aKeyboard music$1http://www.wikidata.org/entity/Q105715630$921412
=650  \0$aAvant-garde$1http://www.wikidata.org/entity/Q102932$921178
=651  \0$aUSA$1http://www.wikidata.org/entity/Q30$943
=942  \\$cREC
=952  \\$00$10$2ddc$40$70$8REC$914060$aORPH$bORPH$cKM12_2_B$d2022-09-26$g89.00$l0$p20114039$r2021-01-12 00:00:00$w2021-01-12$yREC$Vamazon.com
=999  \\$d14087

