=LDR  01308aam a2200217   4500
=001  14091
=005  20250120120033.0
=008  120717s1974\\\\\\\\\\\\\\\\\\\\\\0\eng
=020  \\$a9780226950013
=041  \\$aeng
=100  \\$aYates, Frances A.$cDame$d1899-1981$4aut$916071
=245  \\$aThe Art of Memory
=260  \\$aChicago$bUniversity of Chicago Press$c1974
=300  \\$a400 pages
=520  \\$aIn this classic study of how people learned to retain vast stores of knowledge before the invention of the printed page, Frances A. Yates traces the art of memory from its treatment by Greek orators, through its Gothic transformations in the Middle Ages, to the occult forms it took in the Renaissance, and finally to its use in the seventeenth century. This book, the first to relate the art of memory to the history of culture as a whole, was revolutionary when it first appeared and continues to mesmerize readers with its lucid and revelatory insights.
=561  \\$aOriginally published in 1966
=648  \0$aPast$1http://www.wikidata.org/entity/Q192630$922196
=650  \0$aMemory$1http://www.wikidata.org/entity/Q492$921472
=942  \\$cBOO
=952  \\$00$10$2ddc$40$6HUM_YATE$70$8COLL_UNK$914064$aORPH$bORPH$cLOC_UNK$d2021-12-21$g27.00$oHUM YATE$p20134892$r2021-01-12 00:00:00$w2021-01-12$yBOO
=999  \\$d14091

