=LDR  02963aam a2200253   4500
=001  14094
=005  20251103124736.0
=008  111122s2000\\\\\\\\\\\\\\\\\\\\\\0\eng
=020  \\$a9780195151510
=041  \\$aeng
=100  \\$4aut$aSchenker, Heinrich$d1868-1935$1http://www.wikidata.org/entity/Q531995$916074
=245  \\$aThe Art of Performance
=260  \\$aOxford$bOxford University Press$c2000
=300  \\$a101 pages
=520  \\$aHeinrich Schenker's The Art of Performance shows this great music theorist in a new light. While his theoretical writings helped transform music theory in the twentieth century, this book draws on his experience as a musician and teacher to propose a sharp reevaluation of how musical compositions are realized in performance. Filled with concrete examples and numerous suggestions, the book will interest both music theorists and practicing performers. 

Schenker's approach is based on his argument that much of contemporary performance practice is rooted in the nineteenth-century cult of the virtuoso, which has resulted in an overemphasis on technical display. To counter this, he proposes specific ways to reconnect the composer's intentions and the musician's performance. 

Schenker begins by showing how performers can benefit from understanding the laws of composition. He demonstrates how a literal interpretation of the composer's indications can be self-defeating, and he provides a lively discussion of piano technique, including suggestions for pedal, sound color, orchestral effects, and balance. He devotes separate chapters to non-legato, legato, fingering, dynamics, tempo, and rests. In addition to the examples for pianists, Schenker covers a number of topics, such as bowing technique, that will prove invaluable for other instrumentalists and for conductors. The book concludes with an aphoristic and sometimes lyrical chapter on practicing. 

After Schenker's death, his student Oswald Jonas prepared the text for publication from Schenker's notes, eventually leaving the manuscript to his stepdaughter, Irene Schreier Scott, who entrusted the work of organizing and editing the disparate material to Jonas's friend and student Heribert Esser. She later translated it into English. This edition is the first publication in any language of this remarkable work.
=648  \0$a20th Century (1901-2000)$1http://www.wikidata.org/entity/Q6927$920936
=650  \0$aMusical interpretation$1http://www.wikidata.org/entity/Q1668139$94533
=700  \\$4edt$aEsser, Heribert$916075
=700  \\$4trl$aScott, Irene Schreier$916076
=765  \\$aDie Kunst des Vortrags
=942  \\$cBOO
=952  \\$00$10$2ddc$40$6MTP_2_000000000000000_SCHE$70$8MTP$914067$aORPH$bORPH$cKM12_1$d2021-11-25$g10.00$oMTP2 SCHE$p20134500$r2021-01-12 00:00:00$w2021-01-12$yBOO
=952  \\$00$10$2ddc$40$6TRE_SCHE$70$8TRE$921003$aORPH$bORPH$cKM12_1$d2021-11-25$g10.00$l0$oTRE SCHE$p20131556$r2021-11-25 00:00:00$w2021-01-12$yBOO
=999  \\$d14094

