=LDR  02461aam a2200229   4500
=001  14095
=008  120907s1993\\\\-ukaf\\\\\\\\\\\\\0\eng\d
=020  \\$a9781871082456
=041  \\$aeng
=100  \\$aNeuhaus, Heinrich$4aut$916077
=245  \\$aThe Art of Piano Playing
=260  \\$aLondon$bKahn & Averill$c1993
=300  \\$a240 pages
=520  \\$aHeinrich Neuhaus was born in 1888 in Elizavetgrad 
(later Kirovograd) into a family of musicians. His 
mother, Olga Blumenfeld, was the sister of Felix 
Blumenfeld, a distinguished pianist, conductor and teacher. 
Horowitz was one of his most famous pupils. Through his 
maternal grandmother he was related to Karol Szymanowski 
who became a lifelong friend. 
Heinrich Neuhaus was, strictly speaking, self-taught, and 
the main formative influence on his musical development 
came from Felix Blumenfeld. He made his first public 
appearance at the age of eleven, playing some Chopin 
Waltzes and an Impromptu. In 1902 he accompanied Misha 
Elman in a recital in Elizavetgrad. His first solo recital took 
place in Germany and Italy while studying under Godowsky, 
in Berlin and Vienna. He returned to Russia at the outbreak 
of the First World War. 
In 1922 he began teaching at the Moscow Conservatoire and 
helped to create in 1932 the famous Moscow Central Music 
School for specially gifted children. From 1934 to 1937 he 
was Director of the Moscow Conservatoire, a post he relin- 
quished so as to be able to devote himself entirely to teaching. 
Amongst his pupils were Radu Lupu, Emil Gilels and Sviato- 
slav Richter who called him an artist of unique genius, a great 
teacher and friend. Seldom have artistic gifts been so closely 
matched by the qualities of selfless devotion, deep humanity, 
true culture and a great capacity for bestowing and winning 
friendship. He died on 10th October 1964. This book bears 
witness to his achievements as man, musician and teacher.
=650  \0$aMethod$1http://www.wikidata.org/entity/Q2250960$921402
=650  \0$aPiano$1http://www.wikidata.org/entity/Q5994$92127
=650  \0$aKeyboard$1http://www.wikidata.org/entity/Q901207$923503
=650  \0$aKeyboard instrument$1http://www.wikidata.org/entity/Q52954$92849
=700  \\$4trl$aLeibovitch, K. A.$eTranslator$916078
=942  \\$cBOO
=952  \\$00$10$2ddc$40$6INS_3_000000000000000_3C_NEUH$70$8INS$914068$aORPH$bORPH$cKTS0$d2021-12-13$oINS3.3c NEUH$p20134828$r2021-01-12 00:00:00$w2021-01-12$yBOO
=999  \\$d14095

