=LDR  01197aam a2200241   4500
=001  14097
=005  20250820130240.0
=008  131126r19521751\\\\\\\\\\\\\\\\\\0\eng
=041  \\$aeng
=100  \\$4aut$aGeminiani, Francesco$d1687-1762$1http://www.wikidata.org/entity/Q311625$910110
=245  \\$aThe Art of Playing on the Violin
=260  \\$aLonden$bOxford University Press$c1751
=300  \\$a51 pages
=590  \\$aFacsimile edition, edited, with an introduction, by David D. Boyden
=648  \0$a18th Century (1701-1800)$1http://www.wikidata.org/entity/Q7015$920899
=650  \0$aViolin$1http://www.wikidata.org/entity/Q8355$92783
=650  \0$aMethod$1http://www.wikidata.org/entity/Q2250960$921402
=651  \0$aUnited Kingdom$1http://www.wikidata.org/entity/Q21$9273
=700  \\$4edt$4win$aBoyden, David D.$916079
=942  \\$cBOO
=952  \\$00$10$2ddc$40$6INS_4_000000000000000_1C_GEMI$70$8INS$914070$aORPH$bORPH$cKTS0$d2022-01-07$oINS4.1c GEMI$p20145996$r2021-01-12 00:00:00$w2021-01-12$yBOO
=952  \\$00$10$2ddc$40$6INS_4_000000000000000_1C_GEMI$70$8INS$923034$aORPH$bORPH$cKTS0$d2020-07-08$eKoopman$i14I29$l0$oINS4.1c GEMI$p20126266$r2023-11-02 00:00:00$w2021-01-12$yBOO
=999  \\$d14097

