=LDR  01024aam a2200241   4500
=001  14113
=005  20251016154824.0
=008  121105s2001\\\\\\\\\\\\\\\\\\\\\\0bger\d
=020  \\$a3923997957
=041  \\$ager
=100  \\$4edt$aGrünzweig, Werner$915765
=245  \\$aArtur Schnabel: Musiker Musician 1882-1951
=260  \\$aHofheim$bWolke$c2001
=300  \\$a278 pages
=600  \0$aSchnabel, Artur$d1882-1951$1http://www.wikidata.org/entity/Q213688$919051
=648  \0$a19th Century (1801-1900)$1http://www.wikidata.org/entity/Q6955$920935
=648  \0$a20th Century (1901-2000)$1http://www.wikidata.org/entity/Q6927$920936
=650  \0$aPianist$1http://www.wikidata.org/entity/Q486748$92959
=650  \0$aBiography$1http://www.wikidata.org/entity/Q36279$91927
=651  \0$aGermany$1http://www.wikidata.org/entity/Q183$9155
=942  \\$cBOO
=952  \\$00$10$2ddc$40$6BIO_SCHN5_D$70$8BIO$914087$aORPH$bORPH$cKTS1_P$d2021-10-19$g28.00$oBIO SCHN5 d$p20129809$r2021-01-12 00:00:00$w2021-01-12$yBOO$VWolke Verlag
=999  \\$d14113

