=LDR  01317aam a2200205   4500
=001  14114
=005  20250120120034.0
=008  120622s2008\\\\\\\\\\\\\\\\\\\\\\0\eng
=020  \\$a9780520256361
=041  \\$aeng
=100  \\$aBecker, Howard S.$4aut$916093
=245  \\$aArt Worlds
=250  \\$aRev. ed.
=260  \\$aBerkeley, CA$bUniversity of California Press$c2008
=300  \\$a408 pages
=520  \\$aThis classic sociological examination of art as collective action explores the cooperative network of suppliers, performers, dealers, critics, and consumers who--along with the artist--"produce" a work of art. Howard S. Becker looks at the conventions essential to this operation and, prospectively, at the extent to which art is shaped by this collective activity. The book is thoroughly illustrated and updated with a new dialogue between Becker and eminent French sociologist Alain Pessin about the extended social system in which art is created, and with a new preface in which the author talks about his own process in creating this influential work.
=650  \0$aFine art$1http://www.wikidata.org/entity/Q219625$921579
=942  \\$cBOO
=952  \\$00$10$2ddc$40$6VIS_BECK$70$8VIS$914088$aORPH$bORPH$cKTS1_H$d2021-08-30$g17.00$l1$oVIS BECK$p20134050$r2021-05-03 00:00:00$s2021-03-12$w2021-01-12$yBOO
=999  \\$d14114

