=LDR  00901aam a2200205   4500
=001  14119
=005  20250120120034.0
=008  120918s1966\\\\\\\\\\\\\\\\\\\\\\0\eng
=041  \\$aeng
=100  \\$4dte$aReese, Gustave$d1899-1977$914764
=245  \\$aAspects of Medieval and Renaissance Music:$bA Birthday Offering to Gustave Reese
=260  \\$aNew York$bNorton$c1966
=300  \\$a891 pages
=648  \0$aMiddle Ages (500-1400)$1http://www.wikidata.org/entity/Q12554$920964
=648  \0$aRenaissance (1400-1600)$1http://www.wikidata.org/entity/Q4692$920965
=650  \0$aMusic history$1http://www.wikidata.org/entity/Q846047$921373
=700  \\$4edt$aLaRue, Jan$d1918-2004$1http://www.wikidata.org/entity/Q59529710$916099
=942  \\$cBOO
=952  \\$00$10$2ddc$40$6GHM_3_000000000000000$70$8GHM$914093$aORPH$bORPH$cKM12_1$d2021-11-19$g30.19$oGHM3$p20134914$r2021-01-12 00:00:00$w2021-01-12$yBOO
=999  \\$d14119

