=LDR  02551aam a2200217   4500
=001  14120
=003  OSt
=005  20250109133325.0
=008  140124s1998\\\\\\\\\\\\\\\\\\\\\\0\e
=020  \\$a9780810129917
=040  \\$cST
=041  \\$aeng
=100  \\$aKarp, Theodore$4aut$916100
=245  \\$aAspects of Orality and Formularity in Gregorian Chant
=260  \\$aEvanston$bNorthwestern University Press$c1998
=300  \\$a489 pages
=520  \\$aAspects of Orality and Formularity in Gregorian Chant is a milestone publication in the study of medieval monophonic music. In its movement away from the concept of chants as products and toward the idea of chants as processes, it will markedly change accepted ways of thinking about this musical form.
The essays are loosely connected through their bearing on one or more of three themes: the role of orality in the transmission of chant circa 700-1400; varying degrees of stability or instability in the transmission of chant; and the role of the formula in the construction of chant. Throughout, Karp uses 202 musical examples.

The first essay evaluates forms of evidence that may shed light on the nature of orality that led to the surviving notational records of Gregorian chant and assembles evidence that supports the conclusion that fidelity of transmission represented an important goal of the Franks. The second essay treats formulas that cross the boundaries of individual liturgical genres and modes. The third essay defines the varying kinds of musical formulas in chant and proposes a chronological ordering of the genre of second-mode tracts.

The fourth essay treats the transmission of a stable melody and explores the ways in which one basic melody may be adapted to texts of widely differing structures and lengths. The fifth essay deals with a group of unstable melodies that furnished difficulties in modal classification. The sixth essay explores the problems faced by scribes seeking to represent in diastematic notation melodies employing tones not normally admitted into the medieval gamut. The seventh essay takes up the role of the formula in introits, a neumatic genre intended forchoral performance.

The two final essays look at second-mode tracts and at the interrelationship between Roman and Gregorian chant.
=942  \\$cBOO
=952  \\$00$10$2ddc$40$6GEN_2_000000000000000$70$8GEN$914094$aORPH$bORPH$cKM12_1$d2022-01-05$g66.00$oGEN2$p20125997$r2021-01-12 00:00:00$w2021-01-12$yBOO
=999  \\$c14120$d14120
=650  \0$aPlainchant$1http://www.wikidata.org/entity/Q2707688$921363

