=LDR  02429aam a2200265   4500
=001  14122
=005  20250926134857.0
=008  120126s2005\\\\\\\\\\\\\\\\\\\\\\0\eng
=020  \\$a9781580462020
=041  \\$aeng
=100  \\$aBeach, David W.$4aut$916101
=245  \\$aAspects of Unity in J. S. Bach's Partitas and Suites:$bAn Analytical Study
=260  \\$aRochester$bUniversity of Rochester Press$c2005
=260  \\$aSuffolk$bBoydell & Brewer$c2005
=300  \\$a92 pages
=490  \\$aEastman Studies in Music
=520  \\$aMusicians--listeners, performers, and scholars alike--have often felt a profound connectedness between various movements in multimovement works by the great composers. But sensing musical unity is one thing; showing it is another. In Aspects of Unity in J. S. Bach's Partitas and Suites, David Beach examines many of the forty-four works by Bach in this genre-for keyboard, orchestra, and solo instruments, including the beloved solo works for violin and for cello-from this perspective. Through careful attention to motivic and harmonic repetitions at various structural levels, made plain to the eye in numerous annotated musical examples and diagrams, Beach establishes that Bach often did link several movements of a suite in various ways, sometimes by overt but often by more subtle means. Aspects of Unity in J. S. Bach's Partitas and Suites thus provides new insight into the inner workings of these great works. David W. Beach is a renowned music analyst and historian of music theory who recently retired as Dean of the Faculty of Music, University of Toronto. He co-translated Kirnberger's The Art of Musical Strict Composition and edited Aspects of Schenkerian Theory (both for Yale University Press) and is co-editor of Music Theory in Concept and Practice (Eastman Studies in Music, University of Rochester Press).
=600  \0$aBach, Johann Sebastian$d1685-1750$1http://www.wikidata.org/entity/Q1339$94766
=648  \0$a18th Century (1701-1800)$1http://www.wikidata.org/entity/Q7015$920899
=650  \0$aSuite$1http://www.wikidata.org/entity/Q203005$921718
=650  \0$aPartita$1http://www.wikidata.org/entity/Q388383$926980
=650  \0$aMusical analysis$1http://www.wikidata.org/entity/Q1544924$92775
=942  \\$cBOO
=952  \\$00$10$2ddc$40$6BIO_BACH1_E$70$8BIO$914096$aORPH$bORPH$cKTS1_P$d2021-11-02$g75.00$oBIO BACH1 e$p20129678$r2021-01-12 00:00:00$w2021-01-12$yBOO
=999  \\$d14122

