=LDR  01120aam a2200241   4500
=001  14123
=005  20250121142131.0
=008  200928s2006\\\\\\\\\\\\\\\\\\\\\\0\ger
=020  \\$a3890076491
=041  \\$ager
=100  \\$aSchmalzriedt, Siegfried$4edt$916102
=245  \\$aAspekte der Musik des Barock:$bAufführungspraxis und Stil. Bericht über die Symposien 2001 bis 2004
=260  \\$aLaaber$bLaaber-Verlag$c2006
=300  \\$a359 pages
=490  \\$aVeröffentlichungen der Internationalen Händel-Akademie Karlsruhe$v8
=648  \0$a17th Century (1601-1700)$1http://www.wikidata.org/entity/Q7016$920923
=648  \0$a18th Century (1701-1800)$1http://www.wikidata.org/entity/Q7015$920899
=650  \0$aHistorically informed performance$1http://www.wikidata.org/entity/Q1344860$920980
=650  \0$aMusical style$1http://www.wikidata.org/entity/Q11921029$92421
=650  \0$aBaroque$1http://www.wikidata.org/entity/Q37853$921255
=942  \\$cBOO
=952  \\$00$10$2ddc$40$6GHM_5_000000000000000$70$8GHM$914097$aORPH$bORPH$cKM12_1$d2022-09-09$g19.00$l0$oGHM5$p20129567$r2021-01-12 00:00:00$w2021-01-12$yBOO
=999  \\$d14123

