=LDR  00408aam a2200133   4500
=001  14139
=005  20210216160557.0
=008  180830s\\\\\\\\\\\\\\\\\\\\\\\\\\0\\\\
=245  \\$aAudio Recorder
=300  \\$a1$cRecorders
=520  \\$aSoon H5
=942  \\$cEQU
=952  \\$00$10$2ddc$40$70$8EQU$914113$aORPH$bORPH$cLOC_UNK$d2022-03-10$g299.00$l2$m1$p20117561$r2022-03-21 00:00:00$s2022-03-10$w2021-01-12$yEQU
=999  \\$c14139$d14139

