=LDR  01927aam a2200181   4500
=001  14143
=005  20250120120035.0
=008  161129s2005\\\\\\\\\\\\\\\\\\\\\\0dger\d
=020  \\$a3936000344
=041  \\$ager
=100  \\$4edt$aJahn, Hans-Peter$916130
=245  \\$aAuf (-) und zuhören:$b14 essayistische Reflexionen über die Musik und die Person Helmut Lachenmanns
=260  \\$aHofheim$bWolke Verlag$c2005
=300  \\$a245 pages
=520  \\$aFast unheimlich wirkt die jahrzehntelange einheitliche Begeisterung über die Musik Helmut Lachenmanns zurück auf die Begeisterten, zumindest auf diejenigen, die sich ernsthaft mit seinem Werk befasst haben. Komponisten, Musikwissenschaftler, Musiker oder befugte Ensembles der Neuen Musik haben ja seine Kompositionen gleichrangig neben diejenigen gestellt, welche die Umbrüche in der Geschichte der Musik verantworteten.

Nun gehört zu solcher Begeisterung und unvermeidlichen Idolisierung zwangsläufig  phasenverschoben  auch die Überwindung des Idols und damit die vom Komponisten Lachenmann  auch von ihm erwartete  unabhängige kritische Distanz.

In diesem dem Komponisten zum siebzigsten Geburtstag gewidmeten Buch vereinigen sich Texte, die es mit dem Werk und dem Menschen auch durch Versuche, das bereits fossilierte Lachenmannbild zu sprengen, mehr als gut meinen. In ihrer oft persönlichen, aber auch wissenschaftlich fundierten Annäherungsweise entsteht ein vielleicht neues Gemälde über den Komponisten, der nichts so sehr mißbilligt wie die Festlegung auf selbstgeäußerte Postulate, im übrigen ein Gemälde, welches behutsame Retuschen an den bereits vorhandenen Bildern vornimmt, aber auch ein Gemälde, das sich hoffentlich selbst »verwischt«, besser: »verwischen« lässt.
=942  \\$cBOO
=952  \\$00$10$2ddc$40$6BIO_LACH_E$70$8BIO$914117$aORPH$bORPH$cKTS1_P$d2021-10-19$g24.00$oBIO LACH e$p20129806$r2021-01-12 00:00:00$w2021-01-12$yBOO
=999  \\$d14143

