=LDR  00600aam a2200169   4500
=001  14144
=005  20250120120035.0
=008  200629s1979\\\\\\\\\\\\\\\\\\\\\\0\d
=020  \\$a3442112176
=041  \\$ager
=100  \\$4aut$aSchelsky, Helmut$916131
=245  \\$aAuf der Suche nach Wirklichkeit: Gesammelte Aufsätze zur Soziologie der Bundesrepublik
=260  \\$aMünchen$bWilhelm Goldmann Verlag$c1979
=300  \\$a508
=942  \\$cBOO
=952  \\$00$10$2ddc$40$6PHI_SCHE_A$70$8PHI$914118$aORPH$bORPH$cKM12_3_2$d2021-08-18$g12.00$oPHI SCHE a$p20133911$r2021-01-12 00:00:00$w2021-01-12$yBOO
=999  \\$c14144$d14144

