=LDR  02058aam a2200205   4500
=001  14156
=005  20251001162313.0
=008  130326s1995\\\\\\\g\\\\\\\\\\\\\\0\eng\d
=020  \\$a9780801430466
=041  \\$aeng
=100  \\$aKivy, Peter$d1934-2017$4aut$1http://www.wikidata.org/entity/Q7175228$916145
=245  \\$aAuthenticities:$bPhilosophical Reflections on Musical Perfomance
=260  \\$aLondon$bCornell University Press$c1995
=300  \\$a299 pages
=520  \\$aIn his latest book on the aesthetics of music, Peter Kivy presents an argument not for authenticity but for authenticities of performance, including authenticities of intention, sound, practice, and the authenticity of personal interpretation in performance. . . . As usual, Kivy's work is beautifully written, well argued, and provocative."-Notes"Kivy has provided a sorely needed framework for all future discussion of the authenticity matter. This is his best book, a major contribution to performance studies and to musical aesthetics; likely it will be studied and cited for generations."-Choice"Written in lively prose, with a keen sense of reality, [this volume] ought to be of interest not only to philosophers and musicologists, but to all serious lovers of music."-Roger Scruton, Times Literary Supplement"The consistent theme running through Kivy's book is the need for interpretation as the personal authenticity and authority of the performer against the ideology both of the composer as genius and of the puritanical devotion to the authority of the text of the early music devotees. . . . This is a most valuable book, one which constantly surprises and delights through its philosophical insights and informed musical understanding."-British Journal of Aesthetics
=650  \0$aMusic philosophy and aesthetics$1http://www.wikidata.org/entity/Q2092865$921165
=650  \0$aPerformance$926223
=942  \\$cBOO
=952  \\$00$10$2ddc$40$6AES_KIVY$70$8AES$914130$aORPH$bORPH$cKM12_1$d2022-09-06$l1$oAES KIVY$p20139445$r2023-03-15 00:00:00$s2023-01-10$w2021-01-12$yBOO
=999  \\$d14156

