=LDR  01484aam a2200253   4500
=001  14157
=005  20250925143301.0
=008  120209s1997\\\\\\\\\\\\\\\\\\\\\\0bdut
=020  \\$a9789068531251
=041  \\$adut
=100  \\$aAndriessen, Pieter$d1943-2005$4aut$1http://www.wikidata.org/entity/Q2428332$916146
=245  \\$aAuthentiek of fanatiek: 25 jaar La Petite Bande
=260  \\$aPeer$bAlamire$c1997
=300  \\$a94 pages
=520  \\$aHoe La Petite Bande gedurende vijfentwintig jaar de mogelijkheden heeft uitgetest om hun muziek authentiek 'uit te voeren' te grijpen en te verklanken, dat is het hoofdthema van dit boek. Het geeft een kaleidoscopisch schitterend beeld van ervaringen en opinies van de hand van de werkers in de frontlinie.


=610  \0$aLa Petite Bande (Belgium)$921237
=648  \0$a20th Century (1901-2000)$1http://www.wikidata.org/entity/Q6927$920936
=650  \0$aHistorically informed performance$1http://www.wikidata.org/entity/Q1344860$920980
=650  \0$aOrchestra$1http://www.wikidata.org/entity/Q42998$93159
=651  \0$aFlanders (Belgium)$1http://www.wikidata.org/entity/Q234$989
=942  \\$cBOO
=952  \\$00$10$2ddc$40$6MTP_2_000000000000000_ANDR$70$8MTP$914131$aORPH$bORPH$cKTS1_P$l0$oMTP2 ANDR$p20134441$r2021-01-12 00:00:00$w2021-01-12$yBOO
=952  \\$00$10$2ddc$40$6TOP_BE_FLA_7_000000000000000$70$8TOP$924978$aORPH$bORPH$cKTS0$d2024-12-18$eKoopman$i21D50$l0$oTOP BE.FLA 7$p20128252$r2024-12-18 12:02:15$w2021-01-12$yBOO
=999  \\$d14157

