=LDR  01417aam a2200193   4500
=001  14158
=005  20250120120035.0
=008  120904s2003\\\\\\\\\\\\\\\\\\\\\\0\eng
=020  \\$a9781403905840
=041  \\$aeng
=100  \\$aDunleavy, Patrick$4aut$916147
=245  \\$aAuthoring a PhD: How to plan, draft, write and finish a doctoral thesis or dissertation
=260  \\$aNew York$bPalgrave Macmillan$c2003
=300  \\$a297 pages
=490  \\$aPalgrave study guides
=520  \\$aAuthoring a PhD is a complex process. It involves having creative ideas, working out how to organize them, writing up from plans, upgrading the text, and finishing it speedily and to a good standard. It also includes being examined and getting published. Patrick Dunleavy has written Authoring a PhD based on his supervision experience with over 30 students. It provides solid advice to help your PhD students cope with both the intellectual issues and practical difficulties of organizing their work effectively. It is an indispensable and time saving aid for doctoral students in the humanities, social sciences, education, business studies, law, health, arts and visual arts, and related disciplines, and will also be a great help to supervisors.
=942  \\$cBOO
=952  \\$00$10$2ddc$40$6REF_2_000000000000000_DUNL$70$8REF$914132$aORPH$bORPH$cKM12_1$d2021-08-23$g19.00$oREF2 DUNL$p20131152$r2021-01-12 00:00:00$w2021-01-12$yBOO
=999  \\$d14158

