=LDR  01272aam a2200181   4500
=001  14164
=005  20250120120035.0
=008  120307s1978\\\\\\\\\\\\\\\\\\\\\\0\f
=020  \\$a978225305321
=041  \\$afre
=100  \\$aLevinas, Emmanuel$d1906-1995$4aut$1http://www.wikidata.org/entity/Q153034$916150
=245  \\$aAutrement qu'être ou Au-delà de l'essence
=260  \\$aNijhof$bLe Livre de Poche$c1978
=300  \\$a270
=520  \\$aAutrement qu'être est un livre d'Emmanuel Levinas, paru en 1974.

L'argument principal de cette ?uvre est d'extraire une nouvelle compréhension de la subjectivité humaine

Pour cela il entreprend d'abord, de délier « le Soi » originaire, de sa compréhension traditionnelle, comme conscience de soi, à travers l'activité de représentation. Se détournant des chemins empruntés par ses maîtres Husserl avec le « Soi transcendant » et Heidegger avec son « Dasein », il part de l'expérience la plus empirique du rapport éthique établi dans Totalité et infini pour en faire le support d'une nouvelle approche de la subjectivité humaine.


=942  \\$cBOO
=952  \\$00$10$2ddc$40$6PHI_LEVI_A$70$8PHI$914138$aORPH$bORPH$cKM12_3_2$d2021-08-11$g6.95$oPHI LEVI a$p20133809$r2021-01-12 00:00:00$w2021-01-12$yBOO
=999  \\$c14164$d14164

