=LDR  01403aam a2200193   4500
=001  14165
=005  20250120120036.0
=008  161205s1995\\\\\\\\\\\\\\\\\\\\\\0\f
=020  \\$a9782804120092
=041  \\$afre
=100  \\$aCouloubaritsis, Lambros$d1941-$4aut$916151
=245  \\$aAux origines de la philosophie européenne : $bde la pensée archaïque au néoplatonisme
=250  \\$a2nd ed.
=260  \\$bDe Boeck & Larcier$c1995$aBrussels
=300  \\$a673
=520  \\$aTraitant des origines de la pensée européenne- des présocratiques à Damascius, en passant par Platon, Aristote, Plotin et saint Augustin-, ce livre rencontre les inévitables intrications entre mythe et philosophie ainsi qu'entre l'Un et l'Être. C'est précisément dans cette double intrication que s'enracine l'énigme de notre présent. Il s'agit ici d'une réflexion sur le passé. Mais le passé n'est interrogé que dans la mesure où s'y dessine l'horizon à l'intérieur duquel la pensée continue de se déployer aujourd'hui. Ce livre a été couronné de deux prix: le prix Gegner de l'Académie des sciences morales et politiques de France (1994) et le prix Duculot de l'Académie royale de Belgique, classe des Lettres (1991-1995).
=942  \\$cBOO
=952  \\$00$10$2ddc$40$6PHI_COUL_A$70$8PHI$914139$aORPH$bORPH$cKM12_3_2$d2021-08-11$g40.00$oPHI COUL a$p20133631$r2021-01-12 00:00:00$w2021-01-12$yBOO
=999  \\$c14165$d14165

