=LDR  01893aam a2200253   4500
=001  14168
=005  20250925143301.0
=008  111122s1997\\\\\\\ao\\\\b\\\\\\1\0dfre\d
=041  \\$afre
=100  \\$aDuchesneau, Michel$4aut$916154
=245  \\$aL'Avant-garde musicale et ses sociétés à Paris de 1871 à 1939
=260  \\$aSprimont$bMardaga$c1997
=300  \\$a352 pages
=520  \\$aFondée en 1871, la Société Nationale a joué un rôle essentiel dans l?essor d?une nouvelle musique instrumentale française. Elle constitue le premier maillon d?une chaîne de grandes sociétés musicales qui reflèteront l?évolution de la musique française. Entre 1871 et 1939, la Société Nationale, la Société Musicale Indépendante, Triton et la Sérénade favorisèrent la création d?avant-garde, développèrent le goût du public, suscitèrent la critique et influencèrent l?ensemble des musiciens du milieu. À partir de nombreux documents d?archives et de la programmation complète des quatre sociétés, cet ouvrage propose une nouvelle approche de l?histoire de la musique en France sous la IIIe République, centrée sur le phénomène des "institutions".
=648  \0$a19th Century (1801-1900)$1http://www.wikidata.org/entity/Q6955$920935
=648  \0$a20th Century (1901-2000)$1http://www.wikidata.org/entity/Q6927$920936
=650  \0$aMusic history$1http://www.wikidata.org/entity/Q846047$921373
=650  \0$aAvant-garde$1http://www.wikidata.org/entity/Q102932$921178
=650  \0$aInstitution$1http://www.wikidata.org/entity/Q178706$94241
=650  \0$aConcert$1http://www.wikidata.org/entity/Q182832$921044
=651  \0$aParis (France)$1http://www.wikidata.org/entity/Q90$9160
=942  \\$cBOO
=952  \\$00$10$2ddc$40$6TOP_FR_PAR_6_000000000000000$70$8TOP$914142$aORPH$bORPH$cKTS0$d2021-11-23$g45.00$oTOP FR.PAR 6$p20130723$r2021-01-12 00:00:00$w2021-01-12$yBOO
=999  \\$d14168

