=LDR  01193aam a2200229   4500
=001  14172
=005  20250120120210.0
=008  160726s1894\\\\\\\c\\\\\\\\\\\\\\0\fre\d
=041  \\$afre
=100  \\$aMeerens, Charles$d1831-1909$4aut$916159
=245  \\$aL'Avenir de la science musicale : $barticles publiés dans La Fédération Artistique
=260  \\$bKatto$c1894$aBrussels
=300  \\$a31 pages
=500  \\$aMeerens was a Belgian cellist and musicologist in the field of acoustics.
=648  \0$a19th Century (1801-1900)$1http://www.wikidata.org/entity/Q6955$920935
=650  \0$aMusicology$1http://www.wikidata.org/entity/Q164204$93925
=650  \0$aMusic history$1http://www.wikidata.org/entity/Q846047$921373
=856  \\$uhttps://books.google.be/books?id=-01CAQAAMAAJ&printsec=frontcover&hl=nl#v=onepage&q&f=false$3Google Books
=942  \\$cBOO
=952  \\$00$10$2ddc$40$6KTS_1_000000000000000_H_02_053$70$8RAR$914146$aORPH$bORPH$cKTS1_H$l0$oKTS1 H.02.053$p20146505$r2021-01-12 00:00:00$w2021-01-12$yBOO
=952  \\$00$10$2ddc$40$6KTS_1_000000000000000_H_09_003$70$8RAR$923548$aORPH$bORPH$cKTS1_H$d2024-08-27$l0$oKTS1 H.09.003$p20143757$r2024-08-27 00:00:00$w2021-01-12$yBOO
=999  \\$d14172

