=LDR  01131aam a2200181   4500
=001  14173
=005  20250120120036.0
=008  120313s2002\\\\\\\\\\\\\\\\\\\\\\0\e
=020  \\$a978-0521803465
=041  \\$aeng
=100  \\$aYearsley, David$4aut$916160
=245  \\$aBach and the meanings of counterpoint
=260  \\$aCambridge$bCambridge University Press$c2002
=300  \\$a256
=520  \\$aThis book offers new interpretations of many of Bach's late compositions which include complex musical techniques such as canon. These techniques held great significance for Bach and his contemporaries not only on account of the great skill they demanded but because of the meanings attached to them. Intricate musical devices were crucial to the Lutheran rituals of death and dying, to alchemy, to Enlightenment philosophies of stylistic change and musical progress, to musical representations of political power, and to the legacy of Bach into our own time.
 

=942  \\$cBOO
=952  \\$00$10$40$6BIO_BACH1_E$70$8BIO$914147$aORPH$bORPH$cKTS1_P$d2021-11-09$g69.58$oBIO BACH1 e$p20129701$r2021-01-12 00:00:00$w2021-01-12$yBOO
=999  \\$c14173$d14173

