=LDR  02555aam a2200253   4500
=001  14174
=005  20250926134857.0
=008  120323s1996\\\\\\\g\\\\\\\\\\\\\\0\eng\d
=020  \\$a9780674060050
=041  \\$aeng
=100  \\$aDreyfus, Laurence$d1952-$4aut$910602
=245  \\$aBach and the Patterns of Invention
=260  \\$aCambridge, MA$bHarvard University Press$c1996
=300  \\$a270 pages
=520  \\$aIn this interpretation of the music of J. S. Bach, we gain a striking picture of the composer as a unique critic of his age. By reading Bach's music "against the grain" of contemporaries such as Vivaldi and Telemann, Laurence Dreyfus explains how Bach's approach to musical invention in a variety of genres posed a fundamental challenge to Baroque aesthetics. "Invention"--the word Bach and his contemporaries used for the musical idea that is behind or that generates a composition--emerges as an invaluable key in Dreyfus's analysis. Looking at important pieces in a range of genres, including concertos, sonatas, fugues, and vocal works, he focuses on the fascinating construction of the invention, the core musical subject, and then shows how Bach disposes, elaborates, and decorates it in structuring his composition. Bach and the Patterns of Invention brings us fresh understanding of Bach's working methods, and how they differed from those of the other leading composers of his day. We also learn here about Bach's unusual appropriations of French and Italian styles--and about the elevation of various genres far above their conventional status. 

Challenging the restrictive lenses commonly encountered in both historical musicology and theoretical analysis, Dreyfus provocatively suggests an approach to Bach that understands him as an eighteenth-century thinker and at the same time as a composer whose music continues to speak to us today. 



=600  \0$aBach, Johann Sebastian$d1685-1750$1http://www.wikidata.org/entity/Q1339$94766
=648  \0$a18th Century (1701-1800)$1http://www.wikidata.org/entity/Q7015$920899
=650  \0$aComposing$1http://www.wikidata.org/entity/Q92186587$1http://www.wikidata.org/entity/Q11895763$93076
=650  \0$aRhetoric$1http://www.wikidata.org/entity/Q81009$93894
=650  \0$aInvention$1http://www.wikidata.org/entity/Q14208553$921931
=651  \0$aGermany$1http://www.wikidata.org/entity/Q183$9155
=942  \\$cBOO
=952  \\$00$10$2ddc$40$6BIO_BACH1_E$70$8BIO$914148$aORPH$bORPH$cKTS1_P$d2021-11-02$l1$oBIO BACH1 e$p20129684$r2024-02-15 00:00:00$s2023-11-16$w2021-01-12$yBOO
=999  \\$d14174

