=LDR  01480aam a2200181   4500
=001  14177
=005  20250120120036.0
=008  111129s2007\\\\\\\\\\\\\\\\\\\\\\0\e
=020  \\$a9780780300124668
=041  \\$aeng
=100  \\$aSchröder, Jaap$d1925-2020$4aut$1http://www.wikidata.org/entity/Q683223$916164
=245  \\$aBach's solo violin works: A performer's guide
=260  \\$aNew Haven$bYale University Press$c2007
=300  \\$a190
=520  \\$aLong admired for his interpretation of Bach's six Sonatas and Partitas for unaccompanied violin, Jaap Schröder, a leading international soloist, here provides a detailed but informal guide to their performance. Bach?s sublime solo violin works have long been central to the baroque music repertoire. No serious violinist can avoid studying them, and few concert artists can resist the temptation of performing them.
This is a book for advanced students and performers. Using it is an experience akin to a master class conducted by a uniquely accomplished practitioner. The text is devoted almost entirely to practical matters?bowing, phrasing, ornamentation, tempi, and so on. Schröder strongly recommends the use of a baroque violin and, especially, baroque bow, but his interpretive insights and suggestions are equally applicable to modern violinists.

=942  \\$cBOO
=952  \\$00$10$2ddc$40$6BIO_BACH1_E$70$8BIO$914151$aORPH$bORPH$cKTS1_P$d2021-11-09$oBIO BACH1 e$p20129682$r2021-01-12 00:00:00$w2021-01-12$yBOO
=999  \\$c14177$d14177

