=LDR  02023aam a2200169   4500
=001  14179
=005  20230123101141.0
=008  130916s2010\\\\\\\\\\\\\\\\\\\\\\0\\\\
=020  \\$a9783936655834
=100  \\$aDaniel, Thomas$4aut$916166
=245  \\$aBachs unvollendete quadrupelfuge aus "Die kunst der fuge": Studie und vervollständigung
=260  \\$aKöln$bdohr$c2010
=300  \\$a140
=520  \\$aMit Bachs 'Die Kunst der Fuge' habe ich mich seit vielen Jahren beschäftigt, weniger intensiv allerdings mit Fragen zum Fragment der Schlußfuge, zumal mit deren Vervollständigung  eine solche hätte ich früher kategorisch abgelehnt! [...] Erst die Ergänzung eines Kölner Klavierkollegen weckte in mir ein weitergehendes Interesse an dieser Problematik, vor allem der Umstand, daß er das Fragment nur mit den drei von Bach noch exponierten Themen vervollständigte und das Hauptthema des Werkes außen vor ließ. Seine Argumente: Das 1. Thema sei bereits eine Variante des Hauptthemas, und mit diesem und seiner gesonderten Exposition vor der Vereinigung aller vier Themen würde die Fuge viel zu lang. Daß es sich den drei anderen Themen nahtlos einfügt, halte er für Zufall (damit steht er nicht allein). Also ging ich daran, die gängigen Kombinationen der vier Themen zu erproben, zunächst nur, um ihren vierfachen Kontrapunkt zu demonstrieren. Damit aber war der Grundstein für eine Vervollständigung gelegt ... Nach insgesamt über dreijähriger Arbeit kann ich numehr nicht nur die Ergänzung selbst, sondern auch eine Studie zum Fragment und den damit verknüpften Problemen vorlegen. Meine Absicht kann kaum darin bestehen, mich mit Bach messen zu wollen.Vielmehr sollen Studie und Vervollständigung dazu dienen, Erkenntnisse über Bach im allgemeinen und 'Die Kunst der Fuge' sowie das Fragment im besonderen zugewinnen."
=942  \\$cBOO
=952  \\$00$10$2ddc$40$6BIO_BACH1_E$70$8BIO$914153$aORPH$bORPH$cKTS1_P$d2021-11-02$g32.19$oBIO BACH1 e$p20129607$r2021-01-12 00:00:00$w2021-01-12$yBOO
=999  \\$c14179$d14179

