=LDR  01757aam a2200289   4500
=001  14180
=005  20251103124736.0
=008  120313s1999\\\\\\\\\\\\\\\\\\\\\\0\eng
=020  \\$a9780195120974
=041  \\$aeng
=100  \\$aLester, Joel$4aut$915896
=245  \\$aBach's Works for Solo Violin:$bStyle, Structure, Performance
=260  \\$aOxford$bOxford University Press$c1999
=300  \\$a186 pages
=520  \\$aJ. S. Bach's sonatas and partitas for solo violin have been central to the violin repertoire since the mid-eighteenth century. This engaging volume is the first comprehensive exploration of the place of these works within Bach's music: it focuses on their structural and stylistic features as they have been perceived since their creation. Joel Lester, a highly regarded scholar, teacher, violinist, and administrator, combines an analytical study, a full historical guide, and an
=600  \0$aBach, Johann Sebastian$d1685-1750$1http://www.wikidata.org/entity/Q1339$94766
=648  \0$a18th Century (1701-1800)$1http://www.wikidata.org/entity/Q7015$920899
=650  \0$aViolin$1http://www.wikidata.org/entity/Q8355$92783
=650  \0$aSonata$1http://www.wikidata.org/entity/Q131269$921653
=650  \0$aSuite$1http://www.wikidata.org/entity/Q203005$921718
=650  \0$aMusical style$1http://www.wikidata.org/entity/Q11921029$92421
=650  \0$aMusical analysis$1http://www.wikidata.org/entity/Q1544924$92775
=650  \0$aMusical interpretation$1http://www.wikidata.org/entity/Q1668139$94533
=651  \0$aGermany$1http://www.wikidata.org/entity/Q183$9155
=942  \\$cBOO
=952  \\$00$10$2ddc$40$6BIO_BACH1_E$70$8BIO$914154$aORPH$bORPH$cKTS1_P$d2021-11-25$oBIO BACH1 e$p20129717$r2021-01-12 00:00:00$w2021-01-12$yBOO
=999  \\$d14180

