=LDR  00836aam a2200169   4500
=001  14181
=005  20230123101141.0
=008  180903s1967\\\\\\\\\\\\\\\\\\\\\\0\e
=041  \\$aeng
=100  \\$aCarrell, Norman$4aut$916167
=245  \\$aBach the borrower
=260  \\$aLondon$bGeorge Allen & Unwin LTD$c1967
=300  \\$a396
=520  \\$aThe author's purpose is to explore and document Bach's borrowings and adaptations within his own oeuvre. Bach reworked and adapted his own compositions and his seeming indifference to the medium employed can be reviewed with the aid of this voluminous record, with commentary, of his adaptations, recompositions or transcriptions.
=942  \\$cBOO
=952  \\$00$10$40$6BIO_BACH1_E$70$8BIO$914155$aORPH$bORPH$cKTS1_P$d2021-10-05$oBIO BACH1 e$p20129631$r2021-01-12 00:00:00$w2021-01-12$yBOO
=999  \\$c14181$d14181

