=LDR  00923aam a2200181   4500
=001  14183
=005  20250120120013.0
=008  131211s2006\\\\\\\\\\\\\\\\\\\\\\0\eng
=020  \\$a9780826418456
=041  \\$aeng
=100  \\$aLabelle, Brandon$4aut$915750
=245  \\$aBackground Noise:$bPerspectives on Sound Art
=260  \\$aLondon$bContinuum$c2006
=300  \\$a314 pages
=520  \\$aBackground Noise follows the development of sound as an artistic medium and illustrates how sound is put to use within modes of composition, installation, and performance. While chronological in its structure, Brandon LaBelle's book is informed by spatial thinking - weaving architecture, environments, and the specifics of location into the work of sound.
=942  \\$cBOO
=952  \\$00$10$2ddc$40$6GEN_21_000000000000000$70$8GEN$914157$aORPH$bORPH$cKM12_1$d2022-01-27$g18.01$oGEN21$p20135378$r2022-05-09 00:00:00$w2021-01-12$yBOO
=999  \\$d14183

