=LDR  01709aam a2200241   4500
=001  14190
=005  20250121142131.0
=008  130614s1998\\\\\\\\\\\\\\\\\\\\\\0\eng
=020  \\$a9780393966978
=041  \\$aeng
=100  \\$aStrunk, Oliver$d1901-1980$1http://www.wikidata.org/entity/Q1266266$4edt$920308
=245  \\$aThe Baroque Era
=260  \\$aNew York$bNorton$c1998
=300  \\$a233 pages
=490  \\$aStrunk's Source Readings in Music History$v4
=520  \\$aThough traditionally labeled "Baroque," the seventeenth and early eighteenth centuries in music could as easily be termed "early modern," since many of the genres that are popular todaywere established during that time.

And as music itself was becoming more and more of a public affair, discussions and writings about music increased greatly. In The Baroque Era, Margaret Murata presents twoscore readings from a constellation of personalities whose thoughts and opinions help define the period for us. We hear, of course, from the composers (Monteverdi, Schütz, Rameau, Bach) and the theorists (Artusi, Simpson, North, Mattheson), but we also find the words of nonmusicians, ranging from the famous (Joseph Addison, Lady Mary Montagu) to the unknown "Truthful Reporter."
=648  \0$a17th Century (1601-1700)$1http://www.wikidata.org/entity/Q7016$920923
=648  \0$a18th Century (1701-1800)$1http://www.wikidata.org/entity/Q7015$920899
=650  \0$aMusic history$1http://www.wikidata.org/entity/Q846047$921373
=700  \\$aMurata, Margaret$4edt$916174
=942  \\$cBOO
=952  \\$00$10$2ddc$40$6GHM_0_000000000000000$70$8GHM$914164$aORPH$bORPH$cKM12_1$d2022-09-08$l0$oGHM0$p20134917$r2021-01-12 00:00:00$w2021-01-12$yBOO
=999  \\$d14190

