=LDR  01329aam a2200229   4500
=001  14191
=005  20250303163523.0
=008  150702s1948\\\\\\\\\\\\\\\\\\\\\\0\fre
=041  \\$afre
=100  \\$aClercx-Lejeune, Suzanne$d1910-1985$4aut$1http://www.wikidata.org/entity/Q3505928$916176
=245  \\$aLe Baroque et la musique : $bEssai d'esthétique musicale
=260  \\$aBrussels$bEditions de la librairie encyclopédique$c1948
=300  \\$a243 pages
=490  \\$aPublications de la Société Belge de Musicologie, deuxième série$v1
=561  \\$aTon Koopman's copy is dedicated by the author to 'Monsieur Gurlitt' [the German musicologist Willibald Gurlitt, 1889-1963], Brussels 15 January 1949
=648  \0$a17th Century (1601-1700)$1http://www.wikidata.org/entity/Q7016$920923
=648  \0$a18th Century (1701-1800)$1http://www.wikidata.org/entity/Q7015$920899
=650  \0$aBaroque$1http://www.wikidata.org/entity/Q37853$921255
=942  \\$cBOO
=952  \\$00$10$2ddc$3signed$40$6GHM_5_000000000000000$70$8GHM$96628$aORPH$bORPH$cKM12_1$d2020-07-08$eKoopman$i45D45$l1$oGHM5$p20127284$r2022-09-01 00:00:00$s2022-08-11$w2021-01-12$yBOO
=952  \\$00$10$2ddc$3uncut$40$6KTS_1_000000000000000_H_03_004$70$8RAR$919920$aORPH$bORPH$cKTS1_H$d2022-08-11$l0$oKTS1 H.03.004$p20134952$r2021-02-02 00:00:00$w2021-02-02$yBOO
=999  \\$d14191

