=LDR  01336aam a2200193   4500
=001  14192
=005  20250120120036.0
=008  120111s2002\\\\\\\\\\\\\\\\\\\\\\0\e
=020  \\$a9780192801593
=041  \\$aeng
=100  \\$aCuller, Jonathan$4aut$916177
=245  \\$aBarthes: A very short introduction
=260  \\$aOxford$bOxford university press$c2002
=300  \\$a144
=520  \\$aRoland Barthes was the leading figure of French Structuralism, the theoretical movement of the 1960s which revolutionized the study of literature and culture, as well as history and psychoanalysis. But Barthes was a man who disliked orthodoxies. His shifting positions and theoretical interests make him hard to grasp and assess. This book surveys Barthes' work in clear, accessible prose, highlighting what is most interesting and important in his work today. In particular, the book describes the many projects, which Barthes explored and which helped to change the way we think about a range of cultural phenomena--from literature, fashion, wrestling, and advertising to notions of the self, of history, and of nature.
=490  \\$aVery short introductions$v56
=942  \\$cBOO
=952  \\$00$10$2ddc$40$6PHIL_BART_B_CULL$70$8PHI$914166$aORPH$bORPH$cKM12_3_2$d2021-08-11$oPHIL BART b CULL$p20133578$r2021-01-12 00:00:00$w2021-01-12$yBOO
=999  \\$c14192$d14192

