=LDR  03000aam a2200253   4500
=001  14193
=005  20250925143301.0
=008  180828s2016\\\\\\\\\\\\\\\\\\\\\\0\eng
=020  \\$a9781474415538
=041  \\$aeng
=245  \\$aBarthes/Burgin:$bResearch notes for an exhibition
=260  \\$aEdinburgh$bEdinburgh University Press$c2016
=300  \\$a118 pages
=520  \\$aThe influence of Roland Barthes on Burgin's work is well documented. Equally, Burgin's prominence as an artist and theorist concerned with text and image offers a productive dialogue with Barthes work. Victor Burgin has long been considered both theorist and practitioner, while Barthes is more known as a theorist and writer. In bringing to the fore Barthess practice of painting and drawing, Barthes/Burgin prompts a new critical consideration of Barthes/Burgin, theory/practice, writing/making and criticality/visuality.

Barthes/Burgin features two new interviews with Burgin, one concerned with his turn to new digital practices and the other a reflection on his reading of Roland Barthes. Also included are images and texts from the artists and an essay critically examining Barthes exercises in drawing and painting.

This book accompanied an exhibition at the John Hansard Gallery (February to April 2016), bringing together recent projection works by Victor Burgin and a selection of drawings by Roland Barthes rarely seen outside of France. The exhibition played with Barthes use of the slash as established in semiology (and notably used in the title of Barthes key poststructuralist work S/Z).

Key Features
Published as the official catalogue of the exhibition of the same name that is being held at the John Hansard Gallery in Southampton, as well as a stand-alone art and philosophy book
Over 20 full-colour illustrations, including newly commissioned work by Victor Burgin and images of Barthes work on paper
Contains newly commissioned text by Victor Burgin and unpublished conversations with him on his recent projection works and their theoretical implications

Preface
Stephen Foster

Barthes, Burgin, Barre oblique
Ryan Bishop and Sunil Manghani

Works on Paper by Roland Barthes

An Exercise in Drawing
Sunil Manghani

Reading Barthes
Victor Burgin and Sunil Manghani

A Place to Read
Victor Burgin

Still Moving
Ryan Bishop and Victor Burgin

Prairie
Victor Burgin

Belledonne
Victor Burgin
=600  \0$aBarthes, Roland$d1915-1980$1http://www.wikidata.org/entity/Q179109$919171
=600  \0$aBurgin, Victor$923874
=648  \0$a20th Century (1901-2000)$1http://www.wikidata.org/entity/Q6927$920936
=650  \0$aFine art$1http://www.wikidata.org/entity/Q219625$921579
=650  \0$aPhilosophy$1http://www.wikidata.org/entity/Q5891$92357
=700  \\$4edt$aBishop, Ryan$916178
=700  \\$4edt$aManghani, Sunil$916179
=942  \\$cBOO
=952  \\$00$10$2ddc$40$6PHI_BART_B_BISH$70$8PHI$914167$aORPH$bORPH$cKM12_3_2$d2022-03-31$oPHI BART b BISH$p20129816$r2021-01-12 00:00:00$w2021-01-12$yBOO
=999  \\$d14193

