=LDR  00789aam a2200193   4500
=001  14194
=005  20250120120036.0
=008  170120s1957\\\\\\\\\\\\\\\\\\\\\\0\d
=020  \\$a9630500809
=041  \\$ager
=100  \\$4Autor$aSzabolcsi, Bence$d1899-1973$1http://www.wikidata.org/entity/Q43855$916180
=100  \\$4Autor$aKodály, Zoltán$d1882-1967$1http://www.wikidata.org/entity/Q153008$916181
=100  \\$4Autor$aBartók, Béla$d1881-1945$1http://www.wikidata.org/entity/Q83326$916182
=245  \\$aBartok: Weg und Werk, Schriften und Briefe
=260  \\$aBudapest$bCorvina Verlag$c1957
=300  \\$a295
=942  \\$cBOO
=952  \\$00$10$2ddc$40$6BIO_BART_D$70$8BIO$914168$aORPH$bORPH$cKTS1_P$d2021-10-19$g30.00$oBIO BART d$p20129625$r2021-01-12 00:00:00$w2021-01-12$yBOO
=999  \\$c14194$d14194

