=LDR  00922aam a2200217   4500
=001  14198
=005  20250120120215.0
=008  190625s2001\\\\\\\\\\\\\\\\\\\\\\0\eng
=041  \\$aeng
=100  \\$aKmetz, John$4aut$916186
=245  \\$aPetrucci's Alphabet Series:$bThe ABC's of Music, Memory and Marketing
=260  \\$as.l.$bAmadeus$c2001
=300  \\$a15 pages
=490  \\$aBasler Jahrbuch für historische Musikpraxis$vXXV
=600  \0$aPetrucci, Ottaviano$d1466-1539$1http://www.wikidata.org/entity/Q458014$922100
=648  \0$aRenaissance (1400-1600)$1http://www.wikidata.org/entity/Q4692$920965
=650  \0$aMusic history$1http://www.wikidata.org/entity/Q846047$921373
=650  \0$aMusic printing$1http://www.wikidata.org/entity/Q64416036$94007
=942  \\$cBOO
=952  \\$00$10$2ddc$40$6BIO_PETR_E$70$8BIO$914172$aORPH$bORPH$cKTS1_P$d2021-08-30$oBIO PETR e$p20134328$r2021-01-12 00:00:00$w2021-01-12$yBOO
=999  \\$d14198

