=LDR  02661aam a2200217   4500
=001  14199
=008  120202s2011\\\\sp\ag\\\\\\\\\\\\\0\eng
=020  \\$a9788493884505
=041  \\$aeng
=100  \\$4aut$aSparnaay, Harry$916187
=245  \\$aThe Bass Clarinet:$bA Personal Story
=246  \1$aThe bass clarinet.$ba personal history
=260  \\$aBarcelona$bPeriferia$c2011
=300  \\$a256 pages$bincludes a CD
=520  \\$aHarry Sparnaay heeft een omvangrijk en gedetailleerd werk geschreven over het instrument dat hem internationale faam als uitvoerend musicus bezorgde: The bass clarinet ? a personal history. Op 14 april wordt het boek gepresenteerd in Barcelona. Sparnaay zal er aansluitend aan de presentatie een klein concert geven.

The bass clarinet - a personal history is een persoonlijk verhaal over zijn leven met de basklarinet - als uitvoerend musicus en vooral ook als docent. Het geeft inzicht in de geschiedenis van het instrument sinds 1740, in repertoire en literatuur, en gaat gedetailleerd in op technische aspecten.

In het boek wordt uitleg gegeven over speeltechnieken als multiphonics, microtonen en andere effecten uit de eigentijdse muziek. Bij het boek hoort een cd met meer dan 100 muziekvoorbeelden. Dit maakt The bass clarinet - a personal history tot een standaardwerk voor klarinettisten, docenten, componisten en musicologen.

-----------------------


Harry Sparnaay, the bass clarinettist who has been often featured as prominent soloist, launches the most extended and rigorous study on bass clarinet. It deals with thorough technical aspects and emphasizes the resources of present music such as multiphonics, microtones and diverse effects. Everything is illustrated with fingering charts and there are more than 100 audio examples.
You will know about Harry's personal life and a lot there is to know about the history of the bass clarinet, its repertoire, studies and resources. Furthermore, the author biography gathers information about his dedication teaching this instrument during his whole life and presenting it in concert halls around the world as a soloist, member of chamber groups and ensembles.
It is a book to use as a reference, essential for clarinettists, clarinet teachers, composers and musicologists, written by the most important authority on the bass clarinet.
=650  \0$aBass clarinet$1http://www.wikidata.org/entity/Q8345$922917
=700  \\$4trl$ade Man, Annelie$916188
=700  \\$4trl$aRoe, Paul$922760
=942  \\$cBOO
=952  \\$00$10$2ddc$40$6INS_6_000000000000000_4A$70$8INS$914173$aORPH$bORPH$cKTS0$d2021-11-08$g69.00$oINS6.4a$p20130172$r2021-01-12 00:00:00$w2021-01-12$yBOO
=999  \\$d14199

