=LDR  00901aam a2200181   4500
=001  14200
=005  20230123101145.0
=008  120928s2011\\\\\\\\\\\\\\\\\\\\\\0\eng
=041  \\$aeng
=100  \\$aCok, Kathryn$4aut$916189
=245  \\$aBasso Continuo Sources from the Dutch Republic c. 1620 - c. 1790
=260  \\$aLeiden$bLeiden University$c2011
=300  \\$a207 pages
=520  \\$aProefschrift ter verkrijging van de graad van Doctor aan de Universiteit Leiden op gezag van de Rector Magnificus prof. mr. C.J.J.M. Stolker, volgens besluit van het College voor promoties te verdedigen op 13 oktober 2011.
=942  \\$cDIS
=952  \\$00$10$2ddc$40$6MTP_5_000000000000000_COK$70$8MTP$914174$aORPH$bORPH$cKM12_1$d2021-08-31$oMTP5 COK$p20134074$r2021-01-12 00:00:00$w2021-01-12$yDIS
=952  \\$00$10$2ddc$3DVD$40$70$8MTP$914175$aORPH$bORPH$cKM12_1$d2021-08-31$r2021-01-12 00:00:00$w2021-01-12$yDIS
=999  \\$d14200

