=LDR  00634aam a2200169   4500
=001  14203
=005  20250120120037.0
=008  120321s2004\\\\\\\\\\\\\\\\\\\\\\0\f
=041  \\$afre
=100  \\$aOosterlynck, Baudouin$4aut$916192
=245  \\$aBaudouin Oosterlynck
=260  \\$aLille$bMaison Folie Choiseul$c2004
=300  \\$a8
=942  \\$cBOO
=952  \\$00$10$2ddc$40$6BIO_OOST_A$70$8BIO$914178$aORPH$bORPH$cKTS1_P$d2021-10-19$oBIO OOST a$p20129811$r2021-01-12 00:00:00$w2021-01-12$yBOO
=952  \\$00$10$2ddc$40$6BIO_OOST_B$70$8BIO$914179$aORPH$bORPH$cKTS1_P$l0$oBIO OOST b$p20129812$r2021-01-12 00:00:00$w2021-01-12$yBOO
=999  \\$c14203$d14203

