=LDR  00495aam a2200157   4500
=001  14204
=005  20250120120037.0
=008  201013s2000\\\\\\\\\\\\\\\\\\\\\\0\f
=041  \\$af
=100  \\$aOosterlynck, Baudouin$4aut$916192
=245  \\$aBaudouin Oosterlynck : 25 ans entre l'oeil et l'oreille
=260  \\$aNamur$bProvince de Namur$c2000
=300  \\$a87
=942  \\$cBOO
=952  \\$00$10$40$70$8COLL_UNK$914180$aORPH$bORPH$cLOC_UNK$d2021-01-12$l0$r2021-01-12 00:00:00$w2021-01-12$yBOO
=999  \\$c14204$d14204

