=LDR  02933aam a2200277   4500
=001  14207
=005  20250121142131.0
=008  150331s2014\\\\\\\\\\\\\\\\\\\\\\0\eng
=020  \\$a9780199367283
=041  \\$aeng
=100  \\$aGrant, Roger Mathew$4aut$1http://www.wikidata.org/entity/Q30323456$916194
=245  \\$aBeating Time & Measuring Music in the Early Modern Era
=260  \\$aOxford$bOxford University Press$c2014
=300  \\$a309 pages
=490  \\$aOxford Studies in Music Theory$v10
=520  \\$aBeating Time and Measuring Music in the Early Modern Era chronicles the shifting relationships between ideas about time in music and science from the sixteenth through the early nineteenth centuries. Centered on theories of musical meter, the book investigates the interdependence between theories of meter and conceptualizations of time from the age of Zarlino to the invention of the metronome. These formulations have evolved throughout the history of Western music, reflecting fundamental reevaluations not only of music but also of time itself. Drawing on paradigms from the history of science and technology and the history of philosophy, author Roger Mathew Grant illustrates ways in which theories of meter and time, informed by one another, have manifested themselves in the field of music. During the long eighteenth century, treatises on subjects such as aesthetics, music theory, mathematics, and natural philosophy began to reflect an understanding of time as an absolute quantity, independent of events. This gradual but conclusive change had a profound impact on the network of ideas connecting time, meter, character, and tempo. Investigating the impacts of this change, Grant explores the timekeeping techniques - musical and otherwise - that implemented this conceptual shift, both technologically and materially. Bringing together diverse strands of thought in a broader intellectual history of temporality, Grant's study fills an unexpected yet conspicuous gap in the history of music theory, and is essential reading for music theorists and composers as well as historical musicologists and practitioners of historically informed performance.
=648  \0$a16th Century (1501-1600)$1http://www.wikidata.org/entity/Q7017$920944
=648  \0$a17th Century (1601-1700)$1http://www.wikidata.org/entity/Q7016$920923
=648  \0$a18th Century (1701-1800)$1http://www.wikidata.org/entity/Q7015$920899
=648  \0$a19th Century (1801-1900)$1http://www.wikidata.org/entity/Q6955$920935
=650  \0$aTempo$1http://www.wikidata.org/entity/Q189214$92723
=650  \0$aTobacco$1http://www.wikidata.org/entity/Q1566$921475
=650  \0$aMusic theory$1http://www.wikidata.org/entity/Q193544$92662
=942  \\$cBOO
=952  \\$00$10$2ddc$40$6GHM_4_000000000000000$70$8GHM$914183$aORPH$bORPH$cKM12_1$d2021-12-22$g42.00$l1$m3$oGHM4$p20139449$r2022-09-06 00:00:00$s2021-03-10$w2021-01-12$yBOO$Vamazon.de
=999  \\$d14207

