=LDR  00487aam a2200157   4500
=001  14210
=005  20250120120037.0
=008  140626s1912\\\\\\\\\\\\\\\\\\\\\\0\d
=041  \\$ager
=100  \\$aBekker, Paul$d1882-1937$4aut$916197
=245  \\$aBeethoven
=260  \\$aBerlin$bSchuster & Loeffler$c1912
=300  \\$a623
=942  \\$cBOO
=952  \\$00$10$2ddc$40$6BIO_BEET_D$70$8BIO$914186$aORPH$bORPH$cKTS1_P$d2021-10-19$oBIO BEET d$p20129619$r2021-01-12 00:00:00$w2021-01-12$yBOO
=999  \\$c14210$d14210

