=LDR  00935aam a2200241   4500
=001  14211
=005  20250121142131.0
=008  150702s1994\\\\\\\\\\\\\\\\\\\\\\0bfre
=020  \\$a2020214806
=041  \\$afre
=100  \\$aBoucourechliev, André$4aut$916199
=245  \\$aBeethoven
=250  \\$a2nd ed.
=260  \\$aParis$bSeuil$c1994
=300  \\$a251 pages
=600  \0$aBeethoven, Ludwig van$d1770-1827$1http://www.wikidata.org/entity/Q255$95335
=648  \0$a18th Century (1701-1800)$1http://www.wikidata.org/entity/Q7015$920899
=648  \0$a19th Century (1801-1900)$1http://www.wikidata.org/entity/Q6955$920935
=650  \0$aComposer$1http://www.wikidata.org/entity/Q36834$93625
=651  \0$aVienna (Austria)$1http://www.wikidata.org/entity/Q1741$920937
=942  \\$cBOO
=952  \\$00$10$2ddc$40$6BIO_BEET_D$70$8BIO$914187$aORPH$bORPH$cKTS1_P$d2021-12-13$oBIO BEET d$p20129656$r2021-01-12 00:00:00$w2021-01-12$yBOO
=999  \\$d14211

