=LDR  01701aam a2200229   4500
=001  14215
=005  20250121142131.0
=008  110913s1990\\\\\\\gh||\\\\\\\\\\\0deng\d
=020  \\$a0198161638
=041  \\$aeng
=100  \\$aCooper, Barry$4aut$916201
=245  \\$aBeethoven and the Creative Process
=260  \\$aOxford$bClarendon$c1990
=300  \\$a325 pages
=520  \\$aBeethoven's habit of composing by making large numbers of preliminary drafts and sketches was sufficiently unusual to attract attention even during his lifetime, and his creative process has attracted a good deal more attention since. The present book incorporates the findings of recent studies on this fascinating subject as well as providing many additional new insights. Cooper examines Beethoven's underlying creative motivation and there is and introduction to his compositional methods in general. The final part of the book is a detailed study of particular compositional problems in six different works, selected to provide a wide range of genres, dates, and types of problem. The book as a whole adds considerably to our understanding of one of the greatest figures in the history of our culture.
=600  \0$aBeethoven, Ludwig van$d1770-1827$1http://www.wikidata.org/entity/Q255$95335
=648  \0$a18th Century (1701-1800)$1http://www.wikidata.org/entity/Q7015$920899
=648  \0$a19th Century (1801-1900)$1http://www.wikidata.org/entity/Q6955$920935
=650  \0$aComposing$1http://www.wikidata.org/entity/Q92186587$93076
=942  \\$cBOO
=952  \\$00$10$2ddc$40$6BIO_BEET_E$70$8BIO$914191$aORPH$bORPH$cKTS1_P$d2022-08-30$l1$m2$oBIO BEET e$p20131949$r2022-08-30 00:00:00$s2021-03-10$w2021-01-12$yBOO
=999  \\$d14215

