=LDR  00534aam a2200157   4500
=001  14218
=005  20230123101148.0
=008  201007s1983\\\\\\\\\\\\\\\\\\\\\\0\d
=041  \\$ad
=100  \\$4edt$aStaehelin, Martin$916205
=245  \\$aDas Beethoven-Bildnis des Isidor Neugass und die Familie Lichnowsky
=260  \\$aBonn$bBeethoven-Haus$c1983
=300  \\$a50
=942  \\$cBOO
=952  \\$00$10$2ddc$40$6BIO_BEET_E$70$8BIO$914194$aORPH$bORPH$cKTS1_P$d2022-06-10$g6.00$oBIO BEET e$p2013236$r2021-01-12 00:00:00$w2021-01-12$yBOO
=999  \\$c14218$d14218

