=LDR  00770aam a2200193   4500
=001  14227
=005  20250120120322.0
=008  201007s1996\\\\\\\\\\\\\\\\\\\\\\0\ger
=041  \\$ager
=100  \\$4aut$aLadenburger, Michael$916202
=245  \\$aDas Beethoven-Haus in Bonn: Bericht über seine Restaurierung 1994-1996
=260  \\$aBonn$bBeethoven-Haus$c1966
=300  \\$a96 pages
=600  \0$aBeethoven, Ludwig van$d1770-1827$1http://www.wikidata.org/entity/Q255$95335
=710  \\$aBeethoven-Haus (Bonn, Germany)$91229
=942  \\$cBOO
=952  \\$00$10$2ddc$40$6BIO_BEET_E$70$8BIO$914203$aORPH$bORPH$cKTS1_P$d2022-06-10$g6.00$oBIO BEET e$p2013239$r2021-01-12 00:00:00$w2021-01-12$yBOO
=999  \\$c14227$d14227
=650  \0$aInstitution$1http://www.wikidata.org/entity/Q178706$94241

