=LDR  00550aam a2200169   4500
=001  14230
=005  20250120120037.0
=008  201007s1980\\\\\\\\\\\\\\\\\\\\\\0\d
=020  \\$a3772014798
=041  \\$ad
=100  \\$4aut$aSchrade, Leo$916214
=245  \\$aBeethoven in Frankreich: das Wachsen einer Idee
=260  \\$aBern und München$bFrancke Verlag$c1980
=300  \\$a272
=942  \\$cBOO
=952  \\$00$10$2ddc$40$6BIO_BEET_E$70$8BIO$914206$aORPH$bORPH$cKTS1_P$d2022-06-10$g7.00$oBIO BEET e$p2013245$r2021-01-12 00:00:00$w2021-01-12$yBOO
=999  \\$c14230$d14230

