=LDR  00864aam a2200181   4500
=001  14233
=005  20250120115938.0
=008  120315s1988\\\\\\\\\\\\\\\\\\\\\\0\e
=020  \\$a9780393307191
=041  \\$aeng
=100  \\$aNewman, William S.$4aut$99219
=245  \\$aBeethoven on Beethoven: Playing his piano music his way
=260  \\$aNew York$bW.W. Norton & Company$c1988
=300  \\$a336
=520  \\$aThis study aims to get as close as possible to the way in which Beethoven himself would have played his piano music in both the solo and the ensemble works. These performance practices will vary according to the instrument used, tempo taken, pedalling decisions and matters of style.
 

=942  \\$cBOO
=952  \\$00$10$2ddc$40$6BIO_BEET_E$70$8BIO$914209$aORPH$bORPH$cKTS1_P$d2022-06-24$oBIO BEET e$p20129674$r2021-01-12 00:00:00$w2021-01-12$yBOO
=999  \\$c14233$d14233

