=LDR  01403aam a2200181   4500
=001  14234
=005  20250120120015.0
=008  120119s1994\\\\\\\\\\\\\\\\\\\\\\0\d
=020  \\$a351858166X
=041  \\$ager
=100  \\$aAdorno, Theodor W.$d1903-1969$4aut$1http://www.wikidata.org/entity/Q152388$915795
=245  \\$aBeethoven: Philosophie der musik
=260  \\$aFrankfurt am Main$bSuhrkamp$c1994
=300  \\$a387
=520  \\$aTheodor W. Adorno wurde am 11. September 1903 in Frankfurt am Main geboren und starb am 06. August 1969 während eines Ferienaufenthalts in Visp/Wallis an den Folgen eines Herzinfarkts. Von 1921 bis 1923 studierte er in Frankfurt Philosophie, Soziologie, Psychologie und Musikwissenschaft und promovierte 1924 über Die Transzendenz des Dinglichen und Noematischen in Husserls Phänomenologie. Bereits während seiner Schulzeit schloss er Freundschaft mit Siegfried Kracauer und während seines Studiums mit Max Horkheimer und Walter Benjamin. Mit ihnen zählt Adorno zu den wichtigsten Vertretern der ?Frankfurter Schule?, die aus dem Institut für Sozialforschung an der Johann Wolfgang Goethe-Universität in Frankfurt hervorging. Sämtliche Werke Adornos sind im Suhrkamp Verlag erschienen.
=942  \\$cBOO
=952  \\$00$10$2ddc$40$6BIO_BEET_E$70$8BIO$914210$aORPH$bORPH$cKTS1_P$d2022-06-24$g1750.00$oBIO BEET e$p20134873$r2021-01-12 00:00:00$w2021-01-12$yBOO
=999  \\$c14234$d14234

