=LDR  01442acm a2200265   4500
=001  14238
=005  20250821124556.0
=008  180205s2019\\\\\\\\\l\\\\\\\\\\\\0\mul\d
=020  \\$a9790006567379
=041  \\$ager$aeng
=100  \\$4cmp$aBeethoven, Ludwig van$d1770-1827$1http://www.wikidata.org/entity/Q255$95335
=245  \\$aSämtliche Sonaten für Klavier
=260  \\$aKassel$bBärenreiter$c2019
=300  \\$a3 vols. (241+227+239 pages)
=648  \0$a18th Century (1701-1800)$1http://www.wikidata.org/entity/Q7015$920899
=648  \0$a19th Century (1801-1900)$1http://www.wikidata.org/entity/Q6955$920935
=650  \0$aSonata$1http://www.wikidata.org/entity/Q131269$921653
=650  \0$aPiano$1http://www.wikidata.org/entity/Q5994$92127
=651  \0$aVienna (Austria)$1http://www.wikidata.org/entity/Q1741$920937
=700  \\$aDel Mar, Jonathan$4edt$916215
=942  \\$cSCO
=952  \\$00$10$2ddc$3I$40$6SCO_BEET$70$8SCO$914214$aORPH$bORPH$cKTS1_P$d2022-01-28$g75.00$l1$m4$oSCO BEET$p20130498$q2022-03-16$r2021-03-10 00:00:00$s2021-03-10$w2021-01-12$ySCO
=952  \\$00$10$2ddc$3II$40$6SCO_BEET$70$8SCO$914215$aORPH$bORPH$cKTS1_P$d2022-01-28$g75.00$l1$m4$oSCO BEET$p20130499$q2022-03-16$r2021-03-10 00:00:00$s2021-03-10$w2021-01-12$ySCO
=952  \\$00$10$2ddc$3III$40$6SCO_BEET$70$8SCO$914216$aORPH$bORPH$cKTS1_P$d2022-01-28$g75.00$l1$m4$oSCO BEET$p20130500$q2022-03-16$r2021-03-10 00:00:00$s2021-03-10$w2021-01-12$ySCO
=999  \\$d14238

