=LDR  03724aam a2200277   4500
=001  14241
=005  20250121142131.0
=008  180205s2017\\\\\\\\\\\\\\\\\\\\\\0\eng
=020  \\$a9781783272372
=041  \\$aeng
=245  \\$aBeethoven's Cello:$bFive Revolutionary Sonatas and Their World
=260  \\$aSuffolk$bBoydell & Brewer$c2017
=300  \\$a249 pages
=520  \\$aBeethoven's Cello is the ideal companion for cellists, pianists, musicologists and chamber-music devotees desiring a comprehensive understanding of this beloved repertoire.
In 1796 the young Beethoven presented his first two cello sonatas, Op. 5, at the court of Frederick William II, an avid cellist and the reigning Prussian monarch. Released in print the next year, these revolutionary sonatas forever altered the cello repertoire by fundamentally redefining the relationship between the cello and the piano and promoting their parity. Beethoven continued to develop the potential of the duo partnership in his three other cello sonatas - the lyrical and heroic Op. 69 and the two experimental sonatas Op. 102, No. 1 and No. 2, transcendent compositions conceived on the threshold of the composer's late style.
In Beethoven's Cello, Marc D. Moskovitz and R. Larry Todd examine these seminal cornerstones of the cello repertoire and place them within their historical and cultural contexts. Also addressed are the three variation sets and, in a series of interludes, the cellos owned by Beethoven, the changing nature of his pianos, the cello-centric 'Triple' Concerto and the arrangements for cello and piano of other works. Featuring a preface by renowned cellist Steven Isserlis and concluding with the reviews of the composer's cello music published during his lifetime, Beethoven's Cello is the ideal companion for cellists, pianists, musicologists and chamber-music devotees desiring a comprehensive understanding of this beloved repertoire.

MARC D. MOSKOVITZ is principal cellist of the ProMusica Chamber Orchestra. He has recorded the music of virtuoso cellists David Popper and Alfredo Piatti for the VAI label, and his American premiere of Zemlinsky's Cello Sonata was heralded by the Washington Post as 'an impassioned performance'. Moskovitz has contributed to the New Grove Dictionary of Music and Musicians; and his biography, Alexander Zemlinsky: A Lyric Symphony, was published by Boydell & Brewer in 2010.

Recognized as 'Mendelssohn's most authoritative biographer' (The New Yorker), R. LARRY TODD is Arts and Sciences Professor at Duke University. He is the author of Mendelssohn: A Life in Music, named Best Biography in 2003 by the Association of American Publishers, and Fanny Hensel: The Other Mendelssohn, awarded the ASCAP Nicholas Slonimsky Award for outstanding biography in music. As a pianist, he has recorded with Nancy Green the complete cello works of Mendelssohn and Fanny Hensel for JRI Recordings.
=600  \0$aBeethoven, Ludwig van$d1770-1827$1http://www.wikidata.org/entity/Q255$95335
=648  \0$a18th Century (1701-1800)$1http://www.wikidata.org/entity/Q7015$920899
=648  \0$a19th Century (1801-1900)$1http://www.wikidata.org/entity/Q6955$920935
=650  \0$aCello$1http://www.wikidata.org/entity/Q8371$92688
=650  \0$aSonata$1http://www.wikidata.org/entity/Q131269$921653
=650  \0$aMusical analysis$1http://www.wikidata.org/entity/Q1544924$92775
=651  \0$aVienna (Austria)$1http://www.wikidata.org/entity/Q1741$920937
=700  \\$4aut$aMoskovitz, Marc D.$916219
=700  \\$4aut$aTodd, Larry R.$916220
=942  \\$cBOO
=952  \\$00$10$2ddc$40$6BIO_BEET_E$70$8BIO$914217$aORPH$bORPH$cKTS1_P$d2021-11-25$oBIO BEET e$p20131968$r2021-01-12 00:00:00$v32.00$w2021-01-12$yBOO
=999  \\$d14241

