=LDR  00853aam a2200181   4500
=001  14242
=005  20230123093031.0
=008  120323s1982\\\\\\\\\\\\\\\\\\\\\\0\e
=020  \\$a978081227850
=041  \\$ae
=100  \\$aLevy, Janet M.$4aut$916221
=245  \\$aBeethoven's Compositional Choices: The Two Versions of Opus 18, No 1, First Movement
=260  \\$aPhiladelphia$bUniv of Pennsylvania Press$c1982
=300  \\$a101
=520  \\$aFor musical experts. A detailed analysis of the first movement of string quartet Op.18, No.1. Excellent study for students of Beethoven, composition, or string quartet players. Musical examples on nearly every page. Large format, beautifully bound.
=942  \\$cBOO
=952  \\$00$10$40$6BIO_BEET_E$70$8BIO$914218$aORPH$bORPH$cKTS1_P$d2022-06-24$oBIO BEET e$p20130986$r2021-01-12 00:00:00$w2021-01-12$yBOO
=999  \\$c14242$d14242

