=LDR  02216aam a2200277   4500
=001  14243
=005  20250821124556.0
=008  130315s1989\\\\\\\\\\\\\\\\\\\\\\0\eng
=020  \\$a9780195342369
=041  \\$aeng
=100  \\$aKinderman, William$4aut$916222
=245  \\$aBeethoven's Diabelli Variations
=260  \\$aNew York$bOxford University Press$c1989
=300  \\$a220 pages
=520  \\$aBeethoven's Thirty-Three Variations on a Waltz by Diabelli, his longest and most complex piece for piano, stands beside the Ninth Symphony, the Missa Solemnis, and the late quartets as one of the monumental achievements of his last period. In this first extended study of these variations, William Kinderman investigates their compositional origins and explores them in the context of Beethoven's other works of this time. Kinderman shows how the composer transforms, parodies, and ultimately transcends Diabelli's commonplace waltz in a fascinating series of historical allusions to other composers in the final variations. Kinderman's discussion provides considerable insight into Beethoven's working methods and illuminates the structure of the finished work, and ultimately the nature of the creative process itself. This new reissue of Kinderman's classic text includes a free CD of his celebrated recording of the Diabelli Variations, described by Andras Schiff as "a very vivid sounding experience."
=600  \0$aBeethoven, Ludwig van$d1770-1827$1http://www.wikidata.org/entity/Q255$95335
=600  \0$aDiabelli, Anton$d1781-1858$1http://www.wikidata.org/entity/Q160061$98706
=648  \0$a19th Century (1801-1900)$1http://www.wikidata.org/entity/Q6955$920935
=650  \0$aTheme and variations$1http://www.wikidata.org/entity/Q763324$92038
=650  \0$aKeyboard music$1http://www.wikidata.org/entity/Q105715630$921412
=650  \0$aPiano$1http://www.wikidata.org/entity/Q5994$92127
=650  \0$aWaltz$1http://www.wikidata.org/entity/Q8701407$922010
=651  \0$aVienna (Austria)$1http://www.wikidata.org/entity/Q1741$920937
=942  \\$cBOO
=952  \\$00$10$2ddc$40$6BIO_BEET_E$70$8BIO$914219$aORPH$bORPH$cKTS1_P$d2022-06-24$g15.16$oBIO BEET e$p20129703$r2021-01-12 00:00:00$w2021-01-12$yBOO
=999  \\$d14243

