=LDR  02176acm a2200277   4500
=001  14244
=005  20250226151255.0
=008  161025s2013\\\\\\\\\l\\\\\\\\\\\\0\eng\d
=020  \\$a9780252037436
=041  \\$aeng
=100  \\$4cmp$aBeethoven, Ludwig van$d1770-1827$1http://www.wikidata.org/entity/Q255$95335
=245  \\$aBeethoven's "Eroica" Sketchbook
=260  \\$aIllinois$bUniversity of Illinois Press$c2013
=300  \\$a2 vols.
=520  \\$aAmong Beethoven's many surviving sketchbooks, one of the most famous is the "Eroica" Sketchbook, containing all the known sketches for the "Eroica" Symphony, the "Waldstein" Sonata, and other works of 180304. These include his first sketches for the opera Leonore (later entitled Fidelio), as well as the unfinished opera Vestas Feuer, the oratorio Christus am Oelberge, the Triple Concerto, songs, keyboard compositions, and early sketches that later bore fruit in the Fourth Piano Concerto and the Fifth and Sixth Symphonies. It also contains ideas for works that were never completed. This edition makes available both a complete facsimile and transcription of the sketchbook for the first time, along with a detailed commentary on the origins, contents, and significance of this vitally important source.
=648  \0$a19th Century (1801-1900)$1http://www.wikidata.org/entity/Q6955$920935
=650  \0$aSymphony$1http://www.wikidata.org/entity/Q9734$92527
=650  \0$aMusical sketch$92029
=650  \0$aComposing$1http://www.wikidata.org/entity/Q92186587$93076
=651  \0$aVienna (Austria)$1http://www.wikidata.org/entity/Q1741$920937
=700  \\$4edt$aLockwood, Lewis$d1930-$1http://www.wikidata.org/entity/Q1822119$916223
=700  \\$4edt$aGosman, Alan$916224
=942  \\$cBOO
=952  \\$00$10$2ddc$3Volume I: Commentary and Transcription$40$6SCO_BEET$70$8SCO$914220$aORPH$bORPH$cKTS1_P$d2022-10-02$g193.00$l1$m4$oSCO BEET$p20116230$q2022-03-16$r2021-03-10 00:00:00$s2021-03-10$w2021-01-12$ySCO
=952  \\$00$10$2ddc$3Volume II: Facsimile$40$6SCO_BEET$70$8SCO$914221$aORPH$bORPH$cKTS1_P$d2022-10-02$g193.00$l1$m4$oSCO BEET$p20116231$q2022-03-16$r2021-03-10 00:00:00$s2021-03-10$w2021-01-12$ySCO
=999  \\$d14244

