=LDR  01291aam a2200181   4500
=001  14247
=005  20230123101151.0
=008  200928s1995\\\\\\\\\\\\\\\\\\\\\\0\d
=020  \\$a9783873280779
=041  \\$ager
=100  \\$4aut$aWolf, Stefan$916225
=245  \\$aBeethovens Neffenkonflikt: eine Psychologisch-Biographische Studie
=260  \\$aMunchen$bG. Henle verlag$c1995
=300  \\$a300
=520  \\$aBeethovens konflikthafte Beziehung zu seinem Neffen Karl rückte zuletzt vor allem durch die provozierenden Thesen der Psychoanalytiker Editha und Richard Sterba in den Mittelpunkt des Interesses. In der Folge entwickelte sich eine umfangreiche, kontrovers geführte Diskussion. Stefan Wolf greift dieses Thema auf, um es mit zeitlichem Abstand erneut aus psychoanalytischer Sicht zu beleuchten. Eine ausführliche Rezeptionsgeschichte der Darstellung des Neffenkonflikts, biographische Betrachtungen der Lebensumstände Beethovens und der eingehend dargelegte Verlauf des Prozesses um die Vormundschaft bilden die historische Grundlage für seine umfassende und anschauliche psychoanalytische Untersuchung.
=942  \\$cBOO
=952  \\$00$10$2ddc$40$6BIO_BEET_E$70$8BIO$914223$aORPH$bORPH$cKTS1_P$d2021-10-19$g15.00$oBIO BEET e$p20129566$r2021-01-12 00:00:00$w2021-01-12$yBOO
=999  \\$c14247$d14247

