=LDR  02295aam a2200301   4500
=001  14251
=005  20250821124556.0
=008  121011s2012\\\\\\\g|||\\\\\\\\\\\0\eng\d
=020  \\$a9789042926394
=041  \\$aeng
=100  \\$aBergé, Pieter$4aut$915991
=245  \\$aBeethoven's Tempest Sonata (First Movement):$bFive Annotated Analyses for Performers and Scholars
=260  \\$aLeuven$bPeeters$c2012
=300  \\$a209 pages
=520  \\$aThis book contains five graphic analyses of the opening movement of Beethovens sonata Op. 31/2. The analyses are based on essays published in Beethovens Tempest Sonata: Perspectives on Analysis and Performance, edited by Pieter Bergé, William E. Caplin, and Jeroen Dhoe (Leuven, 2009). While the earlier collection was conceived primarily for an academic readership, the present volume is also intended for practical musicians. The musical score itself accordingly serves as the point of departure, with analytical remarks introduced at the moment at which the relevant music appears. In so doing, this book aims to offer performers analytical insights within the familiar context of sitting at the piano, and following the chronology of the musical process itself. Five different analytical perspectives are presented: motivic (Pieter Bergé and Jeroen Dhoe); Schenkerian (Poundie Burstein); form-functional (William E. Caplin); sonata-theory (James Hepokoski); and metrical (William Rothstein).
=600  \0$aBeethoven, Ludwig van$d1770-1827$1http://www.wikidata.org/entity/Q255$95335
=648  \0$a19th Century (1801-1900)$1http://www.wikidata.org/entity/Q6955$920935
=650  \0$aSonata$1http://www.wikidata.org/entity/Q131269$921653
=650  \0$aPiano$1http://www.wikidata.org/entity/Q5994$92127
=650  \0$aMusical analysis$1http://www.wikidata.org/entity/Q1544924$92775
=700  \\$aD'hoe, Jeroen$4ctb$916228
=700  \\$aBurstein, Poundie$4ctb$924784
=700  \\$aCaplin, William E.$d-1948$4ctb$1http://www.wikidata.org/entity/Q8006531$916229
=700  \\$4ctb$aHepokoski, James$917062
=700  \\$4ctb$aRothstein, William$924785
=942  \\$cBOO
=952  \\$00$10$2ddc$40$6BIO_BEET_E$70$8BIO$914227$aORPH$bORPH$cKTS1_P$d2021-12-22$g39.00$l1$m2$oBIO BEET e$p20129676$r2024-01-24 00:00:00$s2021-04-13$w2021-01-12$yBOO
=999  \\$d14251

