=LDR  03480aam a2200325   4500
=001  14252
=005  20251103124736.0
=008  120105s2009\\\\\\\\\\\\\\\\\\\\\\0\eng
=020  \\$a9789042922891
=041  \\$aeng
=245  \\$aBeethoven's Tempest Sonata:$bPerspectives of Analysis and Performance
=260  \\$aLeuven$bPeeters$c2009
=300  \\$ax-341 pages
=490  \\$aLeuven Studies in Musicology$v2
=504  \\$aIncludes general bibliography and index of names and compositions
=505  \\$gTo Play Or Not to Play: Motivic Connections in teh First Movement of Beethoven's Tempest Sonata / Pieter Bergé & Jeroen D'Hoe -- Singularities and Extremes: Dramatic Impulse in the First Movement of Beethoven's Tempest Sonata / Scott Burnham -- Beethoven's Tempest Sonata: A Schenkerian Approach / Poundie Burstein -- Beethoven's Tempest Exposition: A Springboard for Form-Functional Considerations / William E. Caplin -- Beethoven's Tempest Sonata in Performance / Kenneth Hamilton -- Interpreting Beethoven's Tempest Sonata through Topics, gestures, and Agency / Robert Hatten -- Approaching the First Movement of Beethoven's Tempest Sonata through Sonata Theory / James Hepokoski -- The First Movement of Beethoven's Tempest Sonata: Genesis, Form, and Dramatic Meaning / William Kinderman -- Riding the Storm Clouds: Tempo, Rhythm, and Meter in Beethoven's Tempest Sonata / William Rothstein -- Narrativity and the Performance of Beethoven's Tempest Sonata / Douglass Seaton -- The First Movement of Beethoven's Tempest Sonata and the Tradition of Twentieth-Century 'Formenlehre' / Steven Vande Moortele
=520  \\$aFor music analysts and performers alike, Beethoven's Tempest sonata (1802) represents one of the most challenging pieces of the classical and early romantic piano repertoire. This book is a collection of eleven essays, each dealing with this sonata from a different analytical perspective and investigating the possible connections between music analysis and the practice of performance. Under the editorship of Pieter Bergé, Jeroen D'hoe and William E. Caplin, the book presents essays by Scott Burnham (hermeneutics), Poundie Burstein (Schenkerian approach), Kenneth Hamilton (history of performance), Robert Hatten (semiotics), James Hepokoski (Sonata Theory), William Kinderman (source studies), William Rothstein (tempo, rhythm, and meter), Douglas Seaton (narratology), Steven Vande Moortele (20th-century Formenlehre) and the editors themselves (motivic analysis and form-functional approach respectively).
=600  \0$aBeethoven, Ludwig van$d1770-1827$1http://www.wikidata.org/entity/Q255$95335
=648  \0$a19th Century (1801-1900)$1http://www.wikidata.org/entity/Q6955$920935
=650  \0$aKeyboard music$1http://www.wikidata.org/entity/Q105715630$921412
=650  \0$aSonata$1http://www.wikidata.org/entity/Q131269$921653
=650  \0$aMusical analysis$1http://www.wikidata.org/entity/Q1544924$92775
=650  \0$aMusical interpretation$1http://www.wikidata.org/entity/Q1668139$94533
=651  \0$aVienna (Austria)$1http://www.wikidata.org/entity/Q1741$920937
=700  \\$aBergé, Pieter$4edt$915991
=700  \\$aD'hoe, Jeroen$4edt$916228
=700  \\$aCaplin, William E.$d-1948$4edt$1http://www.wikidata.org/entity/Q8006531$916229
=942  \\$cBOO
=952  \\$00$10$2ddc$40$6BIO_BEET_E$70$8BIO$914229$aORPH$bORPH$cKTS1_P$d2021-12-03$g104.00$l1$m2$oBIO BEET e$p20129721$r2022-08-30 00:00:00$s2021-04-13$w2021-01-12$yBOO
=999  \\$d14252

