=LDR  00849aam a2200193   4500
=001  14253
=005  20250120120037.0
=008  160821s1970\\\\\\\\\\\\\\\\\\\\\\0\d
=020  \\$a3205036492
=041  \\$ager
=100  \\$4(ed.)$aSchenk, Erich$d1902-1974$1http://www.wikidata.org/entity/Q1353138$916230
=245  \\$aBeethoven-Studien
=260  \\$aWien$bHermann Böhlaus Nachfolger$c1970
=250  \\$aErnst Becvar, A-1130 Wien
=300  \\$a371
=520  \\$aFestgabe der Österreichischen Akademie der Wissenschaften zum 200. Geburtstag von Ludwig van Beethoven, mit 1 Titelbild and 33 Abbildungen auf 28 Tafeln.
Leben und Umwelt, Erbe der Vergangenheit, Werk und Vermächtnis
=942  \\$cBOO
=952  \\$00$10$2ddc$40$6BIO_BEET_D$70$8BIO$914230$aORPH$bORPH$cKTS1_P$d2022-06-24$oBIO BEET d$p20129706$r2021-01-12 00:00:00$w2021-01-12$yBOO
=999  \\$c14253$d14253

