=LDR  02478aam a2200265   4500
=001  14254
=005  20250121142131.0
=008  200619s2020\\\\\\\\\\\\\\\\\\\\\\0\ger
=020  \\$a9783890074757
=041  \\$ager
=100  \\$4edt$aRampe, Siegbert$d1964-$99486
=245  \\$aBeethovens Welt
=250  \\$a2nd ed.
=260  \\$aLilienthal$bLaaber-Verlag$c2020
=300  \\$a660 pages
=520  \\$aEin Beethoven-Buch gänzlich neuen Zuschnitts, das eine Brücke schlägt von der Beethoven-Zeit bis in unsere Gegenwart und damit dem Leser ein eindrucksvolles und inspirierendes Panorama eröffnet. Mit seiner Vielfalt an Fragestellungen, die Beethovens Rang als zentrale Künstlerpersönlichkeit seiner Zeit genauso in den Blick nehmen wie die Mythenbildung der Nachwelt und seine fortdauernde Aktualität, ist Beethovens Welt eine absolute Pflichtlektüre für alle musik- und geistesgeschichtlich interessierten Leser.

Presse:

»Der Titel dieses Buches ist ebenso allgemein wie treffend. Denn Beethovens Welt wird hier tatsächlich von allen denkbaren Seiten beleuchtet. Ein großes Panorama mit vielen Detaileinblicken. [...] Auch wenn dieser Band wissenschaftlichen Prinzipien folgt, so ist er doch auch für jeden Laien eine echte Bereicherung. Denn der Leser begegnet Beethoven in diesem Buch neu, als würde er ihm mit mehreren Kameras in unterschiedlichsten Lebenssituationen begleiten. [...] Beethovens Welt ist kein Lexikon, dafür ein unverzichtbares Handbuch. Aus einer Fülle an Einzelbeobachtungen ergibt sich ein facettenreiches Bild, das dem Leser die Persönlichkeit Beethovens und seine Lebensumstände unmittelbar vor Augen führt. [&] Der Leser schöpft aus den hier versammelten Ergebnissen einen hohen Erkenntniswert. Seine Musik wird man anschließend mit anderen Ohren hören.«
Tonart, WDR
=600  \0$aBeethoven, Ludwig van$d1770-1827$1http://www.wikidata.org/entity/Q255$95335
=648  \0$a18th Century (1701-1800)$1http://www.wikidata.org/entity/Q7015$920899
=648  \0$a19th Century (1801-1900)$1http://www.wikidata.org/entity/Q6955$920935
=650  \0$aComposer$1http://www.wikidata.org/entity/Q36834$93625
=651  \0$aBonn (Germany)$1http://www.wikidata.org/entity/Q586$9112
=651  \0$aVienna (Austria)$1http://www.wikidata.org/entity/Q1741$920937
=942  \\$cBOO
=952  \\$00$10$40$70$8COLL_UNK$914231$aORPH$bORPH$cLOC_UNK$d2022-09-08$g104.00$l1$m1$p20118246$q2021-09-04$r2021-03-10 00:00:00$s2021-03-10$w2021-01-12$yBOO
=999  \\$d14254

