=LDR  01428aam a2200205   4500
=001  14256
=005  20251001162313.0
=008  120124s2002\\\\\\\\\\\\\\\\\\\\\\0\eng
=020  \\$a9780804735155
=041  \\$aeng
=100  \\$aAdorno, Theodor W.$d1903-1969$4aut$1http://www.wikidata.org/entity/Q152388$915795
=245  \\$aBeethoven:$bThe Philosophy of Music
=260  \\$aStanford, CA$bStanford University Press$c2002
=300  \\$a268 pages
=520  \\$aTheodor W. Adorno's long-awaited but never finished Beethoven: The Philosophy of Music was published in Germany only in 1993, nearly a quarter of a century after the author's death in 1969. These important and illuminating notes and texts - which remain in fragmented form - were described by Adorno as a "diary of his experiences of Beethoven". The editor of this volume, Rolf Tiedemann, has organized the segments in such a way as to bring out their inherent logic and relatedness. He has added copious explanatory notes and an appendix which serve as an invaluable elaboration of Adorno's frequently cryptic aphorisms.
=600  \0$aBeethoven, Ludwig van$d1770-1827$1http://www.wikidata.org/entity/Q255$95335
=650  \0$aMusic philosophy and aesthetics$1http://www.wikidata.org/entity/Q2092865$921165
=942  \\$cBOO
=952  \\$00$10$2ddc$40$6BIO_BEET_E$70$8BIO$914233$aORPH$bORPH$cKTS1_P$d2022-06-24$oBIO BEET e$p20134883$r2021-01-12 00:00:00$w2021-01-12$yBOO
=999  \\$d14256

