=LDR  02331aam a2200277   4500
=001  14259
=005  20251103124736.0
=008  120314s1985\\\\\\\\\\\\\\\\\\\\\\0\eng
=020  \\$a9780907689058
=041  \\$aeng
=100  \\$aRostal, Max$4aut$916237
=245  \\$aBeethoven: The Sonatas for Piano and Violin.$bThoughts on Their Interpretation
=260  \\$aMunich$bToccata$c1985
=300  \\$a219 pages
=520  \\$aThis book is the first in over half a century to be devoted to a detailed analysis of the complete Beethoven sonatas for violin and piano. It arose from the author's desire to pass on to a younger generation more than 60 years' experience as a practising musician and teacher. Professor Rostal addresses himself to professional and amateur musicians alike, to students and to listeners, all of whom will derive pleasure and enlightenment from his words. Each of the ten Sonatas is carefully discussed, the manuscripts and first and later editions meticulously compared. The musician will find technical and interpretative problems approached and solved and the music-lover a helpful listener's guide to these ever-popular masterpieces. Professor Rostal's text is illustrated with over 200 music examples. The frontispieces of the first edition of each of the Sonatas is reproduced, as is a portrait of each of the dedicatees of each work. Max Rostal also addresses the problems facing the editor of music, and questions of dynamics, agogics, ornamentation, orthography, repeats, fingerings and bowings in these Sonatas.

=600  \0$aBeethoven, Ludwig van$d1770-1827$1http://www.wikidata.org/entity/Q255$95335
=648  \0$a18th Century (1701-1800)$1http://www.wikidata.org/entity/Q7015$920899
=648  \0$a19th Century (1801-1900)$1http://www.wikidata.org/entity/Q6955$920935
=650  \0$aSonata$1http://www.wikidata.org/entity/Q131269$921653
=650  \0$aViolin$1http://www.wikidata.org/entity/Q8355$92783
=650  \0$aPiano$1http://www.wikidata.org/entity/Q5994$92127
=650  \0$aMusical interpretation$1http://www.wikidata.org/entity/Q1668139$94533
=651  \0$aVienna (Austria)$1http://www.wikidata.org/entity/Q1741$920937
=942  \\$cBOO
=952  \\$00$10$2ddc$40$6BIO_BEET_E$70$8BIO$914236$aORPH$bORPH$cKTS1_P$d2022-06-24$oBIO BEET e$p20129723$r2021-01-12 00:00:00$w2021-01-12$yBOO
=999  \\$d14259

