=LDR  00517aam a2200157   4500
=001  14260
=005  20250120120038.0
=008  180607s1964\\\\\\\\\\\\\\\\\\\\\\0\f
=041  \\$afre
=100  \\$aMahaim, Ivan$4aut$916238
=245  \\$aBeethoven. Tome II : La terre natale et la trilogie
=260  \\$aParis$bDesclée De Brouwer$c1964
=300  \\$a580
=942  \\$cBOO
=952  \\$00$10$2ddc$40$6BIO_BEET_E$70$8BIO$914237$aORPH$bORPH$cKTS1_P$d2021-10-19$oBIO BEET e$p20129642$r2021-01-12 00:00:00$w2021-01-12$yBOO
=999  \\$c14260$d14260

