=LDR  02449aam a2200217   4500
=001  14262
=005  20250120120531.0
=008  130521s2010\\\\\\\\\\\\\\\\\\\\\\0\eng
=020  \\$a9789986503934
=041  \\$aeng
=100  \\$4edt$aNavickaité-Martinelli, Lina$916239
=245  \\$aBefore and After Music. $bProceedings of the 10th International Congress on Musical Signification, Vilnius 2008
=260  \\$aVilnius$bActa Semiotica Fennica$c2010
=300  \\$a623 pages
=520  \\$aThe International Congress on Musical Signification has been the worlds most important venue for musical semioticians since 1986, the year of its first meeting in Imatra, Finland. The fact that, 24 years later, we introduce the proceedings of the 10th congress is testimony to the longevity and significance of this event. The jubilee edition of the congress, ICMS10, took place in Lithuania from the 21st to the 25th of October, 2008, at the Lithuanian Academy of Music and Theatre in Vilnius and the Kaunas University of Technology.

The Tenth International Congress on Musical Signification, devoted to the theme Before and After Music, has encouraged the discussion and exchange of ideas about both the archaeology of music and its after-life. By aiming to transcend recent research on similar themes represented by historical musicology, cultural musicology, and related disciplines, the congress has invoked musical semiotics as a platform for providing a refreshing rethinking of musical worlds and the capacity of music to decode and construct human reality from cultural practices to their theoretical conceptualisations.

This collection contains fifty-five essays based on the papers delivered during the ICMS10. The articles have been grouped into eight thematic sections according to the following categories:

Ex Cathedra
Epistemologies, Theories, Paradigms
Semiotics of Culture and Society
Multidisciplinary Perspectives
Philosophies of Performance
Opera and Drama
Musical Signification in Cinema
Twentieth-Century Compositional Practices
=650  \0$aHermeneutics$1http://www.wikidata.org/entity/Q102686$922567
=650  \0$aSemiotics$1http://www.wikidata.org/entity/Q60195$923080
=650  \0$aMusical analysis$1http://www.wikidata.org/entity/Q1544924$92775
=942  \\$cBOO
=952  \\$00$10$2ddc$40$6REF_3_000000000000000_NAVI$70$8REF$914239$aORPH$bORPH$cKM12_1$d2021-08-26$g25.00$oREF3 NAVI$p20134308$r2021-01-12 00:00:00$w2021-01-12$yBOO
=999  \\$d14262

