=LDR  02660aam a2200253   4500
=001  14263
=005  20250925143301.0
=008  121019s2010\\\\\\\\\\\\\\\\\\\\\\0beng\d
=020  \\$a9780810128309
=041  \\$aeng
=100  \\$aSilverman, Kenneth$4aut$916240
=245  \\$aBegin Again:$bA Biography of John Cage
=260  \\$aEvanston$bNorthwestern University Press$c2010
=300  \\$a483 pages
=520  \\$aJohn Cage was a man of extraordinary and seemingly limitless talents: musician, inventor, composer, poet. He became a central figure of the avant-garde early in his life and remained at that pinnacle until his death in 1992 at the age of eighty. Now award-winning biographer Kenneth Silverman gives us the first comprehensive life of this remarkable artist. We follow Cage from his Los Angeles childhoodhis father was a successful inventorthrough his stay in Paris from 1930 to 1931, where immersion in the burgeoning new musical and artistic movements triggered an explosion of creativity in him and, after his return to the States, into his studies with the seminal modern composer Arnold Schoenberg. We see Cages early experiments with sound and percussion instruments, and watch as he develops his signature work with prepared piano, radio static, random noise, and silence. We learn of his many friendships over the years with other composers, artists, philosophers, and writers; of his early marriage and several lovers, both female and male; and of his long relationship with choreographer Merce Cunningham, with whom he would collaborate on radically unusual dances that continue to influence the worlds of both music and dance.

Drawing on interviews with Cages contemporaries and friends and on the enormous archive of his letters and writings, and including photographs, facsimiles of musical scores, and Web links to illustrative sections of his compositions, Silverman gives us a biography of major significance: a revelatory portrait of one of the most important cultural figures of the twentieth century.
=600  \0$aCage, John$d1912-1992$1http://www.wikidata.org/entity/Q180727$916600
=648  \0$a20th Century (1901-2000)$1http://www.wikidata.org/entity/Q6927$920936
=650  \0$aComposer$1http://www.wikidata.org/entity/Q36834$93625
=650  \0$aBiography$1http://www.wikidata.org/entity/Q36279$91927
=650  \0$aAvant-garde$1http://www.wikidata.org/entity/Q102932$921178
=651  \0$aUSA$1http://www.wikidata.org/entity/Q30$943
=942  \\$cBOO
=952  \\$00$10$2ddc$40$6BIO_CAGE_D$70$8BIO$914240$aORPH$bORPH$cKTS1_P$d2022-09-09$g11.00$oBIO CAGE d$p20129710$r2021-01-12 00:00:00$w2021-01-12$yBOO$Vamazon.co.uk
=999  \\$d14263

