=LDR  01563aam a2200289   4500
=001  14269
=005  20250120120512.0
=008  190117s1927\\\\nl\a\\\\\\\\\\\\\\0\dut\d
=041  \\$adut
=100  \\$aRice, William Gorham$1http://www.wikidata.org/entity/Q25752963$4aut$916246
=245  \\$aBeiaarden in de Nederlanden.$bBijdragen tot de geschiedenis en de kennis van klokkenspellen en klokketorens in Noord-Frankrijk, België en Nederland
=260  \\$aAmsterdam$bDe Spiegel$c1927
=260  \\$aAntwerpen$bDe Nederlandsche boekhandel$c1927
=300  \\$a128 pages
=590  \\$adoor William Gorham Rice, Hollandsche bewerking door Dr. J.H. van Klooster, met teekeningen en bandontwerp van N. Ch. Dekker, architect.
=650  \0$aOrganology$1http://www.wikidata.org/entity/Q899293$921400
=650  \0$aCarillon$1http://www.wikidata.org/entity/Q505174$94152
=650  \0$aBell$1http://www.wikidata.org/entity/Q101401$922519
=650  \0$aChurch$1http://www.wikidata.org/entity/Q16970$93776
=651  \0$aNetherlands$1http://www.wikidata.org/entity/Q55$9173
=651  \0$aBelgium$1http://www.wikidata.org/entity/Q31$920881
=700  \\$aKlooster, J. H. van$4trl$916245
=700  \\$aDekker, N. Ch.$4ill$927650
=942  \\$cBOO
=952  \\$00$10$2ddc$40$6KTS_1_000000000000000_H_08_018$70$8RAR$914245$aORPH$bORPH$cKTS1_H$l0$oKTS1 H.08.018$p20143735$r2021-01-12 00:00:00$w2021-01-12$yBOO
=952  \\$00$10$2ddc$40$6INS_10_000000000000000_3A_NL$70$8INS$914246$aORPH$bORPH$cKTS0$d2021-11-10$oINS10.3a NL$p20130468$r2021-01-12 00:00:00$w2021-01-12$yBOO
=999  \\$d14269

