=LDR  00995aam a2200241   4500
=001  14270
=005  20250925143301.0
=008  190506s1926\\\\be\f\\\\\\\\\\\\\\0\dur
=041  \\$adut
=100  \\$aVerheyden, Prosper$4aut$916247
=245  \\$aBeiaarden in Frankrijk
=260  \\$aAntwerpen$bDe sikkel$c1926
=300  \\$a240 pages
=336  \\$aprinted
=648  \0$a18th Century (1701-1800)$1http://www.wikidata.org/entity/Q7015$920899
=648  \0$a19th Century (1801-1900)$1http://www.wikidata.org/entity/Q6955$920935
=648  \0$a20th Century (1901-2000)$1http://www.wikidata.org/entity/Q6927$920936
=650  \0$aBell$1http://www.wikidata.org/entity/Q101401$922519
=650  \0$aOrganology$1http://www.wikidata.org/entity/Q899293$921400
=651  \0$aFrance$1http://www.wikidata.org/entity/Q142$9131
=942  \\$cBOO
=952  \\$00$10$2ddc$40$6INS_10_000000000000000_3A_FR$70$8INS$914247$aORPH$bORPH$cKTS0$d2021-11-10$oINS10.3a FR$p20131082$r2021-01-12 00:00:00$w2021-01-12$yBOO
=999  \\$d14270

