=LDR  01979aam a2200169   4500
=001  14273
=005  20250120120038.0
=008  111114s2004\\\\\\\\\\\\\\\\\\\\\\0\e
=041  \\$aeng
=100  \\$aMetzinger, Thomas$4aut$916250
=245  \\$aBeing no one: The self-model theory of subjectivity
=260  \\$aCambridge, Massachusetts$bMIT Press$c2004
=300  \\$a699
=520  \\$aAccording to Thomas Metzinger, no such things as selves exist in the world: nobody ever had or was a self. All that exists are phenomenal selves, as they appear in conscious experience. The phenomenal self, however, is not a thing but an ongoing process; it is the content of a transparent self-model. In Being No One, Metzinger, a German philosopher, draws strongly on neuroscientific research to present a representationalist and functional analysis of what a consciously experienced first-person perspective actually is. Building a bridge between the humanities and the empirical sciences of the mind, he develops new conceptual toolkits and metaphors; uses case studies of unusual states of mind such as agnosia, neglect, blindsight, and hallucinations; and offers new sets of multilevel constraints for the concept of consciousness. Metzinger's central question is: How exactly does strong, consciously experienced subjectivity emerge out of objective events in the natural world? His epistemic goal is to determine whether conscious experience, in particular the experience of being someone that results from the emergence of a phenomenal self, can be analyzed on subpersonal levels of description. He also asks if and how our Cartesian intuitions that subjective experiences as such can never be reductively explained are themselves ultimately rooted in the deeper representational structure of our conscious minds.
=942  \\$cBOO
=952  \\$00$10$2ddc$40$6PHI_METZ_A$70$8PHI$914250$aORPH$bORPH$cKM12_3_2$d2021-08-04$g30.00$oPHI METZ a$p20133005$r2021-01-12 00:00:00$w2021-01-12$yBOO
=999  \\$c14273$d14273

