=LDR  00844aam a2200205   4500
=001  14275
=005  20250925143301.0
=008  111018s1947\\\\\\\\\\\\\\\\\\\\\\0bdut
=041  \\$adut
=100  \\$aDille, Denijs$d1904-2005$4aut$1http://www.wikidata.org/entity/Q2428060$916252
=245  \\$aBéla Bartók
=260  \\$aBrussels$bN.I.R.$c1947
=300  \\$a91 pages
=600  \0$aBartók, Béla$d1881-1945$1http://www.wikidata.org/entity/Q83326$916182
=648  \0$a20th Century (1901-2000)$1http://www.wikidata.org/entity/Q6927$920936
=650  \0$aBiography$1http://www.wikidata.org/entity/Q36279$91927
=650  \0$aComposer$1http://www.wikidata.org/entity/Q36834$93625
=942  \\$cBOO
=952  \\$00$10$2ddc$40$6BIO_BART_D$70$8BIO$914252$aORPH$bORPH$cKTS1_P$d2021-10-19$oBIO BART d$p20129651$r2021-01-12 00:00:00$w2021-01-12$yBOO
=999  \\$c14275$d14275

