=LDR  02364aam a2200241   4500
=001  14277
=005  20250925143301.0
=008  110919s1996\\\\\\\\\\\\\\\\\\\\\\0\eng
=020  \\$a9780520084858
=041  \\$aeng
=100  \\$aSomfai, László$d1934-$4aut$1http://www.wikidata.org/entity/Q442269$916254
=245  \\$aBéla Bartók: $bComposition, Concepts, and Autograph Sources
=260  \\$aBerkeley, CA$bUniversity of California Press$c1996
=300  \\$a334 pages
=520  \\$aThis long-awaited, authoritative account of Bartók's compositional processes stresses the composer's position as one of the masters of Western music history and avoids a purely theoretical approach or one that emphasizes him as an enthusiast for Hungarian folk music.

For Bèla Bartók, composition often began with improvisation at the piano. Làszló Somfai maintains that Bartók composed without preconceived musical theories and refused to teach composition precisely for this reason. He was not an analytical composer but a musical creator for whom intuition played a central role.

These conclusions are the result of Somfai's three decades of work with Bartók's oeuvre; of careful analysis of some 3,600 pages of sketches, drafts, and autograph manuscripts; and of the study of documents reflecting the development of Bartók's compositions. Included as well are corrections preserved only on recordings of Bartók's performances of his own works. Somfai also provides the first comprehensive catalog of every known work of Bartók, published and unpublished, and of all extant draft, sketch, and preparatory material. His book will be basic to all future scholarly work on Bartók and will assist performers in clarifying the problems of Bartók notation. Moreover, it will be a model for future work on other major composers.
=600  \0$aBartók, Béla$d1881-1945$1http://www.wikidata.org/entity/Q83326$916182
=648  \0$a20th Century (1901-2000)$1http://www.wikidata.org/entity/Q6927$920936
=650  \0$aComposer$1http://www.wikidata.org/entity/Q36834$93625
=650  \0$aBiography$1http://www.wikidata.org/entity/Q36279$91927
=651  \0$aHungary$1http://www.wikidata.org/entity/Q28$921233
=942  \\$cBOO
=952  \\$00$10$2ddc$40$6BIO_BART_E$70$8BIO$914254$aORPH$bORPH$cKTS1_P$d2022-03-31$oBIO BART e$p20129614$r2021-01-12 00:00:00$w2021-01-12$yBOO
=999  \\$d14277

