=LDR  00896aam a2200217   4500
=001  14278
=005  20250120120158.0
=008  161206s1990\\\\\\\\\\\\\\\\\\\\\\0\fre
=020  \\$a2870371683
=041  \\$afre
=100  \\$4aut$aDille, Denijs$d1904-2005$1http://www.wikidata.org/entity/Q2428060$916252
=245  \\$aBéla Bartok : $bregard sur le passé
=260  \\$aNamur$bPresses Universitaires de Namur$aLouvain-la-Neuve$bUCL$c1990
=300  \\$a448 pages
=600  \0$aBartók, Béla$d1881-1945$1http://www.wikidata.org/entity/Q83326$916182
=650  \0$aComposer$1http://www.wikidata.org/entity/Q36834$93625
=650  \0$aBiography$1http://www.wikidata.org/entity/Q36279$91927
=700  \\$4edt$aLenoir, Yves$916255
=942  \\$cBOO
=952  \\$00$10$2ddc$40$6BIO_BART_B$70$8BIO$914255$aORPH$bORPH$cKTS1_P$d2022-03-31$oBIO BART b$p20129654$r2021-01-12 00:00:00$w2021-01-12$yBOO
=999  \\$c14278$d14278

