=LDR  00515aam a2200157   4500
=001  14281
=005  20230123101156.0
=008  181002s1950\\\\\\\\\\\\\\\\\\\\\\0\d
=041  \\$ager
=100  \\$4aut$aGenzmer, Felix$916258
=245  \\$aBeowulf und das Finnsburg-Bruchstück
=260  \\$aLeipzig$bVerlag von Philipp Reclam$c1950
=300  \\$a159
=942  \\$cBOO
=952  \\$00$10$2ddc$40$6LIT_BEOW_A$70$8LIT$914258$aORPH$bORPH$cKM12_2_H$d2021-08-10$oLIT BEOW a$p20133562$r2021-01-12 00:00:00$w2021-01-12$yBOO
=999  \\$c14281$d14281

