=LDR  00745aam a2200193   4500
=001  14282
=005  20250120120015.0
=008  180410s\\\\\\\\\\\\\\\\\\\\\\\\\\0\d
=020  \\$a978-3518407202
=041  \\$ager
=100  \\$4aut$aAdorno, Theodor W.$d1903-1969$1http://www.wikidata.org/entity/Q152388$915795
=245  \\$aBerg: der Meister des kleinsten Übergangs
=260  \\$aFrankfurt am Main$bSuhrkamp Verlag$c1995 (1971)
=260  \\$aBaden-Baden$bNomos Verlagsgesellschaft$c1995 (1971)
=300  \\$a250
=490  \\$aGesammelten Schriften Theodor W. Adornos$vBand 13
=942  \\$cBOO
=952  \\$00$10$2ddc$40$6BIO_BERG_E$70$8BIO$914259$aORPH$bORPH$cKTS1_P$d2022-07-15$oBIO BERG e$p20129664$r2021-01-12 00:00:00$w2021-01-12$yBOO
=999  \\$c14282$d14282

