=LDR  00843aam a2200169   4500
=001  14288
=005  20230123101157.0
=008  190910r19841969\\\\\\\\\\\\\\\\\\0\eng
=041  \\$aeng
=100  \\$aEllsworth, Oliver Bryant$4aut$916264
=245  \\$aThe Berkeley manuscript (Olim Phillipps 4450): a compendium of fourteenth-century music theory (volumes I and II)
=260  \\$aMichigan$bUniversity microfilms international$c1984 (1969)
=300  \\$a163-250 pages
=520  \\$aDissertation submitted in partial satisfaction of the requirements for the degree of Doctor of Philosophy in Music in the Graduate Division of the University of Califa-ornia, Berkeley, 1969
=942  \\$cDIS
=952  \\$00$10$2ddc$40$6MTP_5_000000000000000_ELLS$70$8MTP$914265$aORPH$bORPH$cKM12_1$d2021-08-31$oMTP5 ELLS$p20134080$r2021-01-12 00:00:00$w2021-01-12$yDIS
=999  \\$d14288

