=LDR  01422aam a2200181   4500
=001  14293
=005  20250120120038.0
=008  131115s1992\\\\\\\\\\\\\\\\\\\\\\0\e
=020  \\$a9780806501949
=041  \\$ae
=100  \\$aEwen, Frederic$4aut$916268
=245  \\$aBertolt Brecht: His Life, His Art, His Times
=260  \\$aNew York$bCarol Publishing Group$c1992
=300  \\$a573
=520  \\$aHighly acclaimed when it was first published in 1967, Frederic Ewen's monumental biographical study of Bertolt Brecht has long been out of print. In response to national demand, Citadel Press is proud to reissue this complete and unabridged text.
Of "Bertolt Brecht: His Life, His Art, His Times, the critics wrote:

"The finest critical study of Brecht to date. This book is at least a worthy appreciation of a towering, poetic and dramatic genius." -Los Angeles Times

"What is particularly striking about Frederic Ewen's biography is that it conveys the excitement, the turmoil and triumph of Brecht's career." -The New York Times

"The great thing about Frederic Ewen's luminous biography is that it gently frees Brecht from the bear hugs of the bigots and restores him to us as a whole man, his youth contained in his age." -The Nation
=942  \\$cBOO
=952  \\$00$10$2ddc$40$6BIO_BREC_D$70$8BIO$914271$aORPH$bORPH$cKTS1_P$d2021-10-19$g14.00$oBIO BREC d$p20131062$r2021-01-12 00:00:00$w2021-01-12$yBOO$Vamazon.com
=999  \\$c14293$d14293

