=LDR  00875aam a2200193   4500
=001  14295
=005  20250120120038.0
=008  131126s1961\\\\\\\\\\\\\\\\\\\\\\0\n
=041  \\$adut
=100  \\$aBoereboom, Marcel$4aut$916270
=245  \\$aBeschouwingen over muziekkritiek en muziekanalyse
=260  \\$aBrussels$bPaleis der Academiën$c1961
=300  \\$a65 pages
=490  \\$aMededelingen van de Koninklijke Vlaamse Academie voor Wetenschappen, Letteren en Schone Kunsten van België. Klasse der Schone Kunsten, Jaargang XXIII, 1961, nr. 2.
=561  \\$aHandwritten dedication of the author: "Eindelijk nog een pennevruchtje, Jan!"
=650  \0$aMusic criticism$1http://www.wikidata.org/entity/Q11748889$921598
=942  \\$cBOO
=952  \\$00$10$2ddc$40$6AES_BOER$70$8AES$914273$aORPH$bORPH$cKM12_1$d2021-11-26$oAES BOER$p20131565$r2021-01-12 00:00:00$w2021-01-12$yBOO
=999  \\$d14295

