=LDR  00807aam a2200169   4500
=001  14298
=005  20250120120038.0
=008  140526s2013\\\\\\\\\\\\\\\\\\\\\\0\eng
=041  \\$aeng
=100  \\$aEck, Cathy van$4aut$916273
=245  \\$aBetween air and electricity: Microphones and loudspeakers as musical instruments
=260  \\$aLeiden$bUniversiteit Leiden$c2013
=300  \\$a315 pages
=520  \\$aProefschrift ter verkrijging van de graad van Doctor aan de Universiteit Leiden op gezag van de Rector Magnificus prof. mr. C.J.J.M. Stolker, volgens besluit van het College voor promoties te verdedigen op 17 december 2013.


=942  \\$cBOO
=952  \\$00$10$2ddc$40$6MTP_5_000000000000000_VANE$70$8MTP$914276$aORPH$bORPH$cKM12_1$d2021-08-31$oMTP5 VANE$p20131401$r2021-01-12 00:00:00$w2021-01-12$yDIS
=999  \\$d14298

