=LDR  02198aam a2200181   4500
=001  14302
=005  20230122210351.0
=008  161205s1999\\\\\\\\\\\\\\\\\\\\\\0\e
=020  \\$a9780198502548
=041  \\$aeng
=100  \\$aBarrow, John D.$4aut$916276
=245  \\$aBetween inner space and outer space: essays on science, art and philosophy
=260  \\$aOxford$bOxford university press$c1999
=300  \\$a274
=520  \\$aThe origins of life on earth, the workings of the human mind, the mysteries of the Universe itself-profound questions such as these were once the province of philosophy and theology alone. Today they have become the staple-and indeed the hallmark-of the finest writing about science. And few science writers have tackled the big questions as persistently and as insightfully as astronomer John Barrow. Now, in Between Inner Space and Outer Space, Barrow brings together dozens of essays that offer a sweeping account of his explorations along the boundary lines of science, philosophy, and religion. Here is an invigorating tour of topics such as cosmology, evolution, Grand Unified Theories, complexity and chaos, the nature of time, super string theory, quantum mechanics, particle physics, Big Bang theory, and much more. Barrow's range is remarkable. He examines, for instance, what science can tell us about our love of music or why certain paintings appeal to us. He recounts the dramatic discoveries made by the satellite C.O.B.E. (Cosmic Background Explorer) and reveals what these findings tell us about the origins of the Cosmos. He discusses the debate over the nature of the universe waged by Stephen Hawking and Roger Penrose. And he offers a thoughtful review of E.O. Wilson's Consilience, seconding Wilson's criticism of social scientists who remain quite ignorant of the key insights made by the life sciences. Leavened with a sprightly sense of humor, Between Inner Space and Outer Space illuminates modern science as it provides much food for thought about life's ultimate questions.
=942  \\$cBOO
=952  \\$00$10$2ddc$40$6PHI_BARR_A$70$8PHI$914280$aORPH$bORPH$cKM12_3_2$d2021-08-11$oPHI BARR a$p20133565$r2021-01-12 00:00:00$w2021-01-12$yBOO
=999  \\$c14302$d14302

