=LDR  00841aam a2200169   4500
=001  14306
=005  20230123101200.0
=008  180307s2017\\\\\\\\\\\\\\\\\\\\\\0\eng
=041  \\$aeng
=100  \\$aGraaf, Dirk Pieter de$4aut$916279
=245  \\$aBeyond borders: broadening the artistic palette of (composing) improvisers in jazz
=260  \\$aLeiden$bLeiden University$c2017
=300  \\$a307 pages
=520  \\$aProefschrift ter verkrijging van de graag van Doctor aan de Universiteit Leiden, op gezag van Rector Magnificus prof. mr. C.J.J.M. Stolker, volgens het besluit van het College voor Promoties te verdedigen op donderdag 21 november 2017 klokke 16:15 uur.
=942  \\$cDIS
=952  \\$00$10$2ddc$40$6MTP_5_000000000000000_GRAA$70$8MTP$914284$aORPH$bORPH$cKM12_1$d2021-08-31$oMTP5 GRAA$p20134094$r2021-01-12 00:00:00$w2021-01-12$yDIS
=999  \\$d14306

