=LDR  01966aam a2200181   4500
=001  14308
=005  20250120120033.0
=008  140710s1994\\\\\\\\\\\\\\\\\\\\\\0\e
=020  \\$a9780804729949
=041  \\$ae
=100  \\$aVattimo, Gianni$4aut$916088
=245  \\$aBeyond interpretation: The meaning of hermeneutics for philosophy
=260  \\$aStanford$bStanford university press$c1994
=300  \\$a129
=520  \\$aHermeneutics has had a pervasive influence on contemporary philosophy, social and cultural theory, literary criticism, and aesthetics. It has become so widespread an instrument that its very meaning threatens to dissolve into vague generalities, empty of significance and wedded to a shallow relativism. In this book one of Europes foremost contemporary philosophers provides hermeneutics with a fresh relevance and a substantive account of its philosophical meaning for science, ethics, religion, and art.

Vattimo argues for a reading of hermeneutics that radicalizes it according to what the author calls its nihilistic vocation, a term referring to the interpretive character of truth and taken from Nietzsches statement that there are, in the modern period, no facts, only interpretations. Modernity, for Vattimo, is conceived as the advent of nihilism, and the central question of the book is to ask what it means to take this nihilistic vocation seriously. This involves not simply accepting the current status of hermeneutics, but evaluating why it appears when, and where, it does.

By way of a response to a number of questions only briefly treated in the text, as well as to broaden the authors argumentation on various points, there is an appendix containing two previously published essays, The Truth of Hermeneutics and The Reconstruction of Rationality.

=942  \\$cBOO
=952  \\$00$10$2ddc$40$6PHI_VATT_A$70$8PHI$914286$aORPH$bORPH$cKM12_3_2$d2021-08-06$g18.00$oPHI VATT a$p20130560$r2021-01-12 00:00:00$w2021-01-12$yBOO
=999  \\$c14308$d14308

