=LDR  01868aam a2200229   4500
=001  14309
=005  20250925143301.0
=008  180219s2017\\\\\\\\\\\\\\\\\\\\\\0\eng
=020  \\$a9780472130580
=041  \\$aeng
=100  \\$4aut$aKim, Rebecca Y.$916281
=245  \\$aBeyond Notation:$bThe Music of Earle Brown
=260  \\$aAnn Arbor, IL$bUniversity of Michigan Press$c2017
=300  \\$a370 pages
=520  \\$aEarle Brown (19262002) was a crucial part of a group of experimental composers known as the New York School, and his music intersects in fascinating ways with that of his colleagues John Cage, Morton Feldman, and Christian Wolff. This book seeks to expand our view of Browns work by exploring his practices as a composer and draughtsman through a selection of works composed in the United States and Europe, which included a seminal collaboration with sculptor Alexander Calder. These essays detail Browns compositional methods in historical context: not only his influential experiments with open form composition and graphic notation, but his interest in performance, mixed media, jazz, the Schillinger system, and his engagement with the European avant-garde. The volume also includes never before published essays by Brown that shed new light on his relationships with colleagues and the ideas that shaped his work, in addition to several color photographs of Browns paintings.
=600  \0$aBrown, Earle$d1926-2002$1http://www.wikidata.org/entity/Q1277459$921754
=648  \0$a20th Century (1901-2000)$1http://www.wikidata.org/entity/Q6927$920936
=650  \0$aComposer$1http://www.wikidata.org/entity/Q36834$93625
=651  \0$aUSA$1http://www.wikidata.org/entity/Q30$943
=942  \\$cBOO
=952  \\$00$10$2ddc$40$6BIO_BROW_E$70$8BIO$914287$aORPH$bORPH$cKTS1_P$d2022-04-26$g87.00$oBIO BROW e$p20129714$r2021-01-12 00:00:00$w2021-01-12$yBOO
=999  \\$d14309

