=LDR  00982aam a2200193   4500
=001  14311
=005  20250120120045.0
=008  120111s1980\\\\\\\\\\\\\\\\\\\\\\0\eng
=020  \\$a0193151502
=041  \\$aeng
=100  \\$aEpstein, David$4aut$916282
=245  \\$aBeyond Orpheus:$bStudies in Musical Structure
=260  \\$aCambridge, MI$aLondon$bMIT Press$c1980
=300  \\$a237 pages
=520  \\$aExamining the elements of musical structure and the ways they provide unity, coherence and uniqueness in classic-romantic music, the author defines the concept of Grundgestalt, or "basic shape" and follows its development from the music of the classic-romantic Viennese school to the twelve-tone compositions of Schoenberg.
=650  \0$aMusical analysis$1http://www.wikidata.org/entity/Q1544924$92775
=942  \\$cBOO
=952  \\$00$10$2ddc$40$6MTP_1_000000000000000_EPST$70$8MTP$914288$aORPH$bORPH$cKM12_1$d2021-11-25$oMTP1 EPST$p20135600$r2021-01-12 00:00:00$w2021-01-12$yBOO
=999  \\$d14311

