=LDR  00539aam a2200169   4500
=001  14312
=005  20250120120038.0
=008  140522s2007\\\\\\\\\\\\\\\\\\\\\\0\e
=020  \\$a9780271029719
=041  \\$ae
=100  \\$aIversen, Margaret$4aut$916283
=245  \\$aBeyond pleasure
=260  \\$aPennsylvania$bPennsylvania state Univerity$c2007
=300  \\$a189
=942  \\$cBOO
=952  \\$00$10$2ddc$40$6PHI_IVER_A$70$8PHI$914289$aORPH$bORPH$cKM12_3_2$d2021-08-11$g33.70$oPHI IVER a$p20130510$r2021-01-12 00:00:00$w2021-01-12$yBOO
=999  \\$c14312$d14312

