=LDR  02935aam a2200241   4500
=001  14316
=005  20250925143301.0
=008  120920s2008\\\\\\\\\\\\\\\\\\\\\\0\eng
=020  \\$a9781890951863
=041  \\$aeng
=100  \\$aBranden, Joseph W.$4aut$916287
=245  \\$aBeyond the Dream Syndicate:$bTony Conrad and the Arts after Cage
=260  \\$aNew York$bZone Books$c2008
=300  \\$a479 pages
=520  \\$aTony Conrad has significantly influenced cultural developments from minimalism to underground film, "concept art," postmodern appropriation, and the most sophisticated rock and roll. Creator of the "structural" film, The Flicker, collaborator on Jack Smith's Flaming Creatures and Normal Love, follower of Henry Flynt's radical anti-art, member of the Theatre of Eternal Music and the first incarnation of The Velvet Underground, and early associate of Mike Kelley, Tony Oursler, and Cindy Sherman, Conrad has eluded canonic histories. Yet Beyond the Dream Syndicate does not claim Conrad as a major but under-recognized figure. Neither monograph nor social history, the book takes Conrad's collaborative interactions as a guiding thread by which to investigate the contiguous networks and discursive interconnections in 1960s art. Such an approach simultaneously illuminates and estranges current understandings of the period, redrawing the map across medium and stylistic boundaries to reveal a constitutive hybridization at the base of the decade's artistic development. This exploration of Conrad and his milieu goes beyond the presentation of a relatively overlooked oeuvre to chart multiple, contestatory regimes of power simultaneously in play during the pivotal moment of the 1960s. From the sovereign authority invoked by Young's music, to the "paranoiac" politics of Flynt, to the immanent control modeled by Conrad's films, each avant-garde project examined reveals an investment within a particular structure of power and resistance, providing a glimpse into the diversity of the artistic and political stakes that continue to define our time.Branden W. Joseph is Professor of Modern and Contemporary Art in the Department of Art History and Archaeology at Columbia University and an editor of the journal Grey Room (MIT Press). He is the author of Random Order: Robert Rauschenberg and the Neo-Avant-Garde (MIT Press, 2003.)
=600  \0$aConrad, Tony$d1940-2016$1http://www.wikidata.org/entity/Q481477$927595
=648  \0$a20th Century (1901-2000)$1http://www.wikidata.org/entity/Q6927$920936
=650  \0$aMusic history$1http://www.wikidata.org/entity/Q846047$921373
=650  \0$aMinimalist music$1http://www.wikidata.org/entity/Q572901$923040
=651  \0$aUSA$1http://www.wikidata.org/entity/Q30$943
=942  \\$cBOO
=952  \\$00$10$2ddc$40$6BIO_CONR_E$70$8BIO$914293$aORPH$bORPH$cKTS1_P$d2021-10-19$eKoopman$g25.00$oBIO CONR e$p20129697$r2021-01-12 00:00:00$w2021-01-12$yBOO$Vamazon.co.uk
=999  \\$d14316

