=LDR  01050aam a2200241   4500
=001  14322
=005  20250925143301.0
=008  140905s2008\\\\\\\o\\\\\\\\\\\\\\0\ger\d
=020  \\$a9783050059648
=041  \\$ager
=100  \\$aWarburg, Aby$d1866-1929$4aut$1http://www.wikidata.org/entity/Q60185$916291
=245  \\$aDer Bilderatlas Mnemosyne
=260  \\$aBerlin$bAkademie Verlag$c2008
=300  \\$a140 pages
=648  \0$a20th Century (1901-2000)$1http://www.wikidata.org/entity/Q6927$920936
=650  \0$aLibrary$1http://www.wikidata.org/entity/Q7075$94229
=650  \0$aIconography$1http://www.wikidata.org/entity/Q208145$921259
=650  \0$aFine art$1http://www.wikidata.org/entity/Q219625$921579
=650  \0$aCultural history$1http://www.wikidata.org/entity/Q858517$922395
=651  \0$aHamburg (Germany)$1http://www.wikidata.org/entity/Q1055$921940
=942  \\$cBOO
=952  \\$00$10$2ddc$40$6VIS_WARB$70$8VIS$914300$aORPH$bORPH$cKTS1_H$d2022-09-20$g108.93$l0$oVIS WARB$p20114856$r2021-01-12 00:00:00$w2021-01-12$yBOO$Vamazon.com
=999  \\$d14322

