=LDR  01962aam a2200277   4500
=001  14324
=005  20250925143301.0
=008  161122s2012\\\\\\\\\\\\\\\\\\\\\\0\mul
=020  \\$a9783050056968
=041  \\$ager$aeng
=245  \\$aDas bildnerische Denken:$bCharles S. Peirce
=260  \\$aBerlin$bAkademie Verlag$c2012
=300  \\$a344 pages
=520  \\$a'I do not think I ever reflect in words: I employ visual diagrams [...]' Diese Selbstbeschreibung von Charles S. Peirce (1839-1914) bildet den Ausgangspunkt für eine neue Sicht auf das Denken des amerikanischen Naturwissenschaftlers, Philosophen und Begründers des Pragmatismus und der Semiotik. Peirce war ein obsessiver Zeichner. Neben einer graphischen Logik entwickelte er eine zeichnerische Praxis, die untrennbar mit seinem Denken verwoben war, in ihrer philosophischen Relevanz aber bislang übersehen wurde. Der Band versammelt konkrete Fallstudien zu zahlreichen hier erstmals publizierten Zeichnungen von Peirce. Auf der Basis dieses Materials fragt er nach der allgemeinen Bedeutung dessen, was es heißt, in Bildern zu denken. Mit Beiträgen von John Michael Krois, Helmut Pape, Sun-Joo Shin, Frederik Stjernfelt u.a.
=600  \0$1http://www.wikidata.org/entity/Q187520$aPeirce, Charles Sanders$d1839-1914$921476
=648  \0$1http://www.wikidata.org/entity/Q6955$a19th Century (1801-1900)$920935
=648  \0$1http://www.wikidata.org/entity/Q6927$a20th Century (1901-2000)$920936
=650  \0$1http://www.wikidata.org/entity/Q5891$aPhilosophy$92357
=650  \0$1http://www.wikidata.org/entity/Q60195$aSemiotics$923080
=651  \0$1http://www.wikidata.org/entity/Q30$aUSA$943
=700  \\$4edt$916293$aEngel, Franz
=700  \\$4edt$916294$aQueisner, Moritz
=700  \\$4edt$aViola, Tullio$916295
=942  \\$cBOO
=952  \\$00$10$2ddc$40$6PHI_PEIR_B_ENGE$70$8PHI$914302$aORPH$bORPH$cKM12_3_2$d2021-08-17$oPHI PEIR b ENGE$p20133890$r2021-01-12 00:00:00$w2021-01-12$yBOO
=999  \\$d14324

