=LDR  01404aam a2200193   4500
=001  14325
=005  20250120120039.0
=008  140822s2003\\\\\\\\\\\\\\\\\\\\\\0\ger
=020  \\$a9783770538591
=041  \\$ager
=245  \\$aBild – Schrift – Zahl
=260  \\$aMunich$bFink$c2003
=300  \\$a210 pages
=505  \\$gKultur, Technik, Kulturtechnik: Wider die Diskursivierung der Kultur / Sybille Krämer, Horst Bredekamp -- Von der Gotteshand zum Datenhandschuh: Über den Zusammenhang von Bild, Schrift, Zahl / Horst Wenzel -- Modellieren, Beobachtungen und Gedanken zur Geschichte des Modellbegriffs / Bernd Mahr -- Wissenschaft und Sammlung / Jochen Brüning -- Kulturtechniken zwischen Mutter und Stiefmutter Natur / Horst Bredekamp -- Die Konstruktion technischer Bilder – eine Einheit von Bild, Zahl, Schrift / Wolfgang Coy --»Schriftbildlichkeit« oder: Über eine (fast) vergessene Dimension der Schrift / Sybille Krämer -- Zeit und Zahl. Kalender und Zeitrechnung als Kulturtechniken / Thomas Macho -- Zahl und Ziffer / Friedrich Kittler -- Technik und Kultur als Bedingungsgeflecht. Ein Nachwort / Horst Bredekamp, Sybille Krämer
=700  \\$4edt$aKrämer, Sybille$916296
=700  \\$4edt$aBredekamp, Horst$916297
=942  \\$cBOO
=952  \\$00$10$2ddc$40$6HUM_KRAM$70$8HUM$914303$aORPH$bORPH$cKM12_1$d2022-02-02$g24.67$oHUM KRAM$p20134273$r2021-01-12 00:00:00$w2021-01-12$yBOO
=999  \\$d14325

