=LDR  01811aam a2200229   4500
=001  14333
=005  20251009150242.0
=008  190520s2000\\\\\\\\\\\\\\\\\\\\\\0\fre
=020  \\$a9782213606200
=041  \\$afre
=100  \\$aAttali, Jacques$d1943-$4aut$1http://www.wikidata.org/entity/Q364315$916305
=245  \\$aBlaise Pascal ou Le Génie français
=260  \\$aFrance$bFayard$c2000
=300  \\$a538 pages
=520  \\$aSi Pascal m'était conté. "Clartés" (1623-1650), "Lumières" (1650-1662), "Splendeurs" (1663-2000)... Imposant triptyque où le récit se substitue souvent à l'analyse et l'anecdote éclairante au détail érudit, cette fresque en clair-obscur d'un demi-siècle de génie français est bien plus qu'une simple biographie. La vie de Pascal, en effet, est l'emblème de cette époque prolifique où les lettres, les arts et les sciences connaissent en France un destin prodigieux. Plus encore, Pascal représente pour Attali la quintessence de l'esprit français. Dans la dernière partie consacrée au devenir posthume de l'œuvre de Pascal, l'auteur va même jusqu'à soutenir que la France est plus pascalienne que cartésienne. À travers l'œuvre de Pascal, le génie français apparaît comme ambigu, complexe, contradictoire, fait d'un mélange de raison, d'insoumission et d'universalité.
=600  \0$aPascal, Blaise$d1623-1662$1http://www.wikidata.org/entity/Q1290$98885
=648  \0$a17th Century (1601-1700)$1http://www.wikidata.org/entity/Q7016$920923
=650  \0$aPhilosopher$1http://www.wikidata.org/entity/Q4964182$926399
=651  \0$aFrance$1http://www.wikidata.org/entity/Q142$9131
=942  \\$cBOO
=952  \\$00$10$2ddc$40$6PHI_PASC_B_ATTA$70$8PHI$914311$aORPH$bORPH$cKM12_3_2$d2021-08-17$oPHI PASC b ATTA$p20133876$r2021-01-12 00:00:00$w2021-01-12$yBOO
=999  \\$d14333

