=LDR  00953aam a2200193   4500
=001  14339
=005  20250120120039.0
=008  111129s2009\\\\\\\\\\\\\\\\\\\\\\0\eng
=020  \\$a9780230223912
=041  \\$aeng
=100  \\$aPulman, Andy$4aut$916311
=245  \\$aBlogs, Wikis, Podcasts & More
=260  \\$aHampshire$bPalgrave Macmillan$c2009
=300  \\$a112 pages
=490  \\$aPocket Study Skills
=520  \\$aThis handy guide shows students how to get the most out of using the internet and internet technology. Areas covered include: web 2.0 technology (wikis, blogs, Podcasts and RSS) that students may encounter at university, good web practice (netiquette, tagging, online writing) and using external resources (citeulike, Google scholar and del.ici.ous).
=942  \\$cBOO
=952  \\$00$10$2ddc$40$6REF_2_000000000000000_PULM$70$8REF$914317$aORPH$bORPH$cKM12_1$d2021-08-24$g5.00$oREF2 PULM$p20131195$r2021-01-12 00:00:00$w2021-01-12$yBOO
=999  \\$d14339

