=LDR  01890aam a2200217   4500
=001  14342
=005  20250120120039.0
=008  190506s2014\\\\\\\\\\\\\\\\\\\\\\0\e
=020  \\$a9781472532725
=041  \\$aeng
=100  \\$4Editor$aBunge, Wiep Van$916315
=100  \\$4Editor$aKrop, Henri$916316
=100  \\$4Editor$aSteenbakkers, Piet$916317
=100  \\$4Editor$aVen, Jeroen van de$916318
=245  \\$aThe Bloomsbury companion to Spinoza
=260  \\$aLondon$bBloomsbury$c2014
=300  \\$a380
=520  \\$aBenedictus Spinoza (1632-77) was among the most important of the post-Cartesian philosophers of the second half of the seventeenth century and is still widely studied today. He made original contributions in every major area of philosophy and is best known for his Ethics, which is often held up as a supreme example of a self-contained metaphysical system intended to explain the universe.

The Bloomsbury Companion to Spinoza is the first to offer an accessible, encyclopaedic account of Spinoza's life and ideas, his influences and commentators, and his lasting significance. Some of the best features include an annotated chronology of Spinoza's life, bibliographies of his major influences and critics, a substantive dictionary of key Spinozan concepts, summaries of Spinoza's principal writings and concludes with a chapter on Spinoza's place in modern academic scholarship. The volume is also updated with words on the recent major event in Spinoza scholarship with the discovery of the Vatican manuscript of Spinoza's Ethics. 

The Bloomsbury Companion to Spinoza is a valuable research tool for anyone interested in Spinoza and the era of great change in which he lived and wrote.
=942  \\$cBOO
=952  \\$00$10$2ddc$40$6PHI_SPIN_B_BUNG$70$8PHI$914320$aORPH$bORPH$cKM12_3_2$d2021-08-02$oPHI SPIN b BUNG$p20132871$r2021-01-12 00:00:00$w2021-01-12$yBOO
=999  \\$c14342$d14342

