=LDR  01957aam a2200265   4500
=001  14343
=005  20250121142131.0
=008  120907s2006\\\\\\\ga\\\\\\\\\\\\\0beng\d
=020  \\$a9780520240179
=041  \\$aeng
=100  \\$aLe Guin, Elisabeth$4aut$916319
=245  \\$aBoccherini's Body:$bAn Essay in Carnal Musicology
=260  \\$aBerkeley, CA$bUniversity of California Press$c2006
=300  \\$a350 pages$eCD
=520  \\$aIn this elegant study of the works of the undeservedly neglected composer Luigi Boccherini, Elisabeth Le Guin uses knowledge gleaned from her own playing of the cello as the keystone of her original approach to the relationship between music and embodiment. In analyzing the striking qualities of Boccherini's music--its virtuosity, repetitiveness, obsessively nuanced dynamics, delicate sonorities, and rich palette of melancholy affects--Le Guin develops a historicized critical method based on the embodied experience of the performer. In the process, she redefines the temperament of the musical Enlightenment as one characterized by urgent, volatile inquiries into the nature of the self. A CD of sound examples, performed by the author and her string quartet, is included with the book.
=600  \0$aBoccherini, Luigi$d1743-1805$1http://www.wikidata.org/entity/Q189766$96155
=648  \0$a18th Century (1701-1800)$1http://www.wikidata.org/entity/Q7015$920899
=650  \0$aComposer$1http://www.wikidata.org/entity/Q36834$93625
=650  \0$aCello$1http://www.wikidata.org/entity/Q8371$92688
=650  \0$aBowing$1http://www.wikidata.org/entity/Q56275020$923618
=650  \0$aArtistic research$1http://www.wikidata.org/entity/Q20827087$921804
=651  \0$aMadrid (Spain)$1http://www.wikidata.org/entity/Q2807$924677
=942  \\$cBOO
=952  \\$00$10$2ddc$40$6BIO_BOCC_E$70$8BIO$914321$aORPH$bORPH$cKTS0$d2022-09-08$l2$m1$oBIO BOCC e$p20111474$q2024-03-09$r2024-03-07 00:00:00$s2024-03-07$w2021-01-12$yBOO
=999  \\$d14343

