=LDR  02341aam a2200265   4500
=001  14345
=005  20250604111955.0
=008  130425s2012\\\\\\\\\\\\\\\\\\\\\\0\eng
=020  \\$a9780415890809
=041  \\$aeng
=245  \\$aBodily Expression in Electronic Music:$bPerspectives on Reclaiming Performativity
=260  \\$aNew York$bRoutledge$c2012
=300  \\$a230 pages
=490  \\$aRoutledge Research in Music$v2
=520  \\$aIn this book, scholars and artists explore the relation between electronic music and bodily expression from perspectives including aesthetics, philosophy of mind, phenomenology, dance and interactive performance arts, sociology, computer music and sonic arts, and music theory, transgressing disciplinary boundaries and established beliefs. The historic decoupling of action and sound generation might be seen to have distorted or even effaced the expressive body, with the retention of performance qualities via recoupling not equally retaining bodily expressivity. When, where, and what is the body expressed in electronic music then? The authors of this book reveal composers, performers, improvisers and listeners bodies, as well as the works and technologies figurative bodies as a rich source of expressive articulation. Bringing together humanities scholarship and musical arts contingent upon new media, the contributors offer inspiring thought and critical reflection for all those seriously engaged with the aesthetics of electronic music, interactive performance, and the bodys role in aesthetic experience and expression. Performativity is not only seen as being reclaimed in live electronic music, interactive arts, and installations; it is also exposed as embodied in the music and the listeners themselves.
=648  \0$a21st Century (2001-2100)$1http://www.wikidata.org/entity/Q6939$920812
=650  \0$aElectronic music$1http://www.wikidata.org/entity/Q9778$922014
=650  \0$aPerformance$926223
=650  \0$aCorporeality$1http://www.wikidata.org/entity/Q101490283$921406
=700  \\$4edt$aPeters, Deniz$916321
=700  \\$4edt$aEckel, Gerhard$916322
=700  \\$4edt$aDorschel, Andreas$915961
=942  \\$cBOO
=952  \\$00$10$2ddc$40$6GEN_21_000000000000000$70$8GEN$914323$aORPH$bORPH$cKM12_1$d2022-08-12$g85.00$l0$oGEN21$p20135376$r2021-01-12 00:00:00$w2021-01-12$yBOO
=999  \\$d14345

