=LDR  00934aam a2200181   4500
=001  14347
=005  20230123101206.0
=008  121211s1987\\\\\\\\\\\\\\\\\\\\\\0\e
=020  \\$a9780226403182
=041  \\$aeng
=100  \\$aJohnson, Mark$4aut$916324
=245  \\$aThe body in the mind: The bodily basis of meaning, imagination, and reason
=260  \\$aChicago$bThe University of Chicago Press$c1987
=300  \\$a233
=520  \\$aThere are booksfew and far betweenwhich carefully, delightfully, and genuinely turn your head inside out. This is one of them. It ranges over some central issues in Western philosophy and begins the long overdue job of giving us a radically new account of meaning, rationality, and objectivity."Yaakov Garb,San Francisco Chronicle
=942  \\$cBOO
=952  \\$00$10$2ddc$40$6PHI_JOHN_A$70$8PHI$914325$aORPH$bORPH$cKM12_3_2$d2021-08-11$oPHI JOHN a$p20133761$r2021-01-12 00:00:00$w2021-01-12$yBOO
=999  \\$c14347$d14347

