=LDR  01751aam a2200181   4500
=001  14353
=005  20241230131649.0
=008  120117s1996\\\\\\\\\\\\\\\\\\\\\\0\e
=020  \\$a1859281206
=041  \\$aeng
=100  \\$aBreatnach, Mary$4aut$916329
=245  \\$aBoulez and Mallarmé:$bA Study in Poetic Influence
=260  \\$aAldershot$bAshgate$c1996
=300  \\$a160 pages
=520  \\$aMallarme died in 1898, but his centrality to the aesthetic thinking of the twentieth century is firmly established. Of this there exists no more striking affirmation than the association of his name with that of Boulez, a musician renowned for his commitment to the new. In the late 1950s, at a crucial point in his development, the composer chose the poet as his guide.
In this study, Mary Breatnach looks at a fascinating irony in Boulez's choice. Mallarme's work is shown to be a special kind of 'music', set against the art of sounds with which we are familiar, in part a result of his avowed intention to take back from that art an allusiveness and structural complexity which, he believed, belonged to poetry.
The central chapter focuses on Pli selon pli, Boulez's 'portrait of Mallarme'. Arguing that the originality and significance of the piece are inseparable from the poetry and, more particularly, from the literary thinking which inspired it, Dr. Breatnach shows that knowledge of that background serves as a heuristic aid to an understanding of the very nature of the music.
The book concludes by defining the special place occupied by Pli selon pli in musical and aesthetic history.
=942  \\$cBOO
=952  \\$00$10$2ddc$40$6BIO_BOUL_E$70$8BIO$914331$aORPH$bORPH$cKTS1_P$d2021-10-19$oBIO BOUL e$p20129818$r2021-01-12 00:00:00$w2021-01-12$yBOO
=999  \\$d14353

