=LDR  01120aam a2200169   4500
=001  14367
=005  20230123101209.0
=008  181002s1990\\\\\\\\\\\\\\\\\\\\\\0\f/d
=041  \\$af/d
=100  \\$aHuhn, Rosi$4aut$916340
=245  \\$aBracha Lichtenberg-Ettinger et la folie de la raison
=260  \\$aParis$bGoethe-Institut$c1990
=300  \\$a64
=520  \\$aBracha Lichtenberg-Ettinger is an Israeli-French artist, psychoanalyst and feminist theorist, who was born in Tel Aviv and is currently working in Paris. She received her Ph.D. in Aesthetics of Art from the University of Paris VIII, a D.E.A. in Psychoanalysis from the University of Paris VII, and an M.A. in Clinical Psychology from the Hebrew University of Jerusalem. Her paintings have been exhibited extensively internationally in major museums of contemporary art, and can be found in public collections. She is the author and coauthor of several books and numerous essays.
=942  \\$cBOO
=952  \\$00$10$2ddc$40$6PHI_LICH_B_HUHN$70$8PHI$914345$aORPH$bORPH$cKM12_3_2$d2021-08-11$oPHI LICH b HUHN$p20133829$r2021-01-12 00:00:00$w2021-01-12$yBOO
=999  \\$c14367$d14367

