=LDR  01524aam a2200229   4500
=001  14368
=005  20251001101051.0
=008  181002s1993\\\\\\\\\\\\\\\\\\\\\\0\mul\d
=020  \\$a09907823
=041  \\$aeng$afre
=100  \\$4art$aLichtenberg, Bracha Ettinger$916342
=245  \\$aBracha Lichtenberg Ettinger:$bMatrixial Borderline
=260  \\$aHerblay$bLes Cahiers des regards$c1993
=300  \\$a45 pages
=520  \\$aBracha Lichtenberg-Ettinger is an Israeli-French artist, psychoanalyst and feminist theorist, who was born in Tel Aviv and is currently working in Paris. She received her Ph.D. in Aesthetics of Art from the University of Paris VIII, a D.E.A. in Psychoanalysis from the University of Paris VII, and an M.A. in Clinical Psychology from the Hebrew University of Jerusalem. Her paintings have been exhibited extensively internationally in major museums of contemporary art, and can be found in public collections. She is the author and coauthor of several books and numerous essays.
=648  \0$a20th Century (1901-2000)$1http://www.wikidata.org/entity/Q6927$920936
=650  \0$aFine art$1http://www.wikidata.org/entity/Q219625$921579
=700  \\$aBuci-Glucksmann, Christine$1http://www.wikidata.org/entity/Q384688$4ctb$916341
=700  \\$aJabès, Edmond$d1912-1991$1http://www.wikidata.org/entity/Q462585$4ivr$916343
=942  \\$cBOO
=952  \\$00$10$2ddc$40$6PHI_LICH_B_BUCI$70$8PHI$914346$aORPH$bORPH$cKM12_3_2$d2021-08-11$oPHI LICH b BUCI$p20133830$r2021-01-12 00:00:00$w2021-01-12$yBOO
=999  \\$d14368

