=LDR  02129aam a2200277   4500
=001  14370
=005  20250120120918.0
=008  180222s2014\\\\\\\\\\\\\\\\\\\\\\0\eng
=020  \\$a9781107042704
=041  \\$aeng
=245  \\$aBrahms in the Home and the Concert Hall:$bBetween Private and Public Performance
=260  \\$aCambridge$bCambridge University Press$c2014
=300  \\$a395 pages
=520  \\$aJohannes Brahms was a consummate professional musician, a successful pianist, conductor, music director, editor and composer. Yet he also faithfully championed the world of private music-making, creating many works and arrangements for enjoyment in the home by amateurs. This collection explores Brahms' public and private musical identities from various angles: the original works he wrote with amateurs in mind; his approach to creating piano arrangements of not only his own, but also other composers' works; his relationships with his arrangers; the deeper symbolism and lasting legacy of private music-making in his day; and a hitherto unpublished memoir which evokes his Viennese social world. Using Brahms as their focus point, the contributors trace the overlapping worlds of public and private music-making in the nineteenth century, discussing the boundaries between the composer's professional identity and his lifelong engagement with amateur music-making.
=600  \0$aBrahms, Johannes$d1833-1897$1http://www.wikidata.org/entity/Q7294$918198
=648  \0$a19th Century (1801-1900)$1http://www.wikidata.org/entity/Q6955$920935
=650  \0$aComposer$1http://www.wikidata.org/entity/Q36834$93625
=650  \0$aPianist$1http://www.wikidata.org/entity/Q486748$92959
=650  \0$aPerformance$926223
=650  \0$aConcert$1http://www.wikidata.org/entity/Q182832$921044
=651  \0$aGermany$1http://www.wikidata.org/entity/Q183$9155
=700  \\$4edt$aHamilton, Katy$916345
=700  \\$4edt$aLoges, Natasha$916346
=942  \\$cBOO
=952  \\$00$10$2ddc$40$6BIO_BRAH_E$70$8BIO$914348$aORPH$bORPH$cKTS1_P$d2022-10-10$g91.00$l0$oBIO BRAH e$p20129545$r2021-01-12 00:00:00$w2021-01-12$yBOO$Vamazon.co.uk
=999  \\$d14370

