=LDR  01467aam a2200193   4500
=001  14374
=005  20250120120040.0
=008  200605s2012\\\\\\\\\\\\\\\\\\\\\\0\d
=020  \\$a9783832173647
=041  \\$ager
=100  \\$4aut$aPolster, Bernd$916353
=245  \\$aBraun: 50 Jahre Produktinnovationen
=250  \\$a2nd ed.
=260  \\$aCologne$bDuMont$c2012
=300  \\$a504
=520  \\$aBraun ist ein Markenmythos und steht für eine Schlüsselgeschichte des Design. Die umfassende Produktgeschichte dieser wohl berühmtesten Designfirma zeigt, wie Braun vielen modernen Geräten erst ihre Form gegeben und dabei mehr Designklassiker hervorgebracht hat als manch anderer Hersteller. Unsere Vorstellung, wie eine Stereoanlage, ein Blitzgerät oder ein Haartrockner auszusehen hat, entstand in Brauns legendärer Designabteilung, wo man bis heute nach Einfachheit, Perfektion und raffinierten Lösungen strebt.

Das Buch, das auch auf zahlreichen Interviews mit Braun-Designern basiert, präsentiert die 500 wichtigsten Produkte  in Farbe und neu fotografiert. So entsteht ein nahezu vollständiges visuelles Panorama des Braun-Produktkosmos, das erstmals die gestalterischen Linien und Prinzipien aufzeigt und dabei auch manches Vorurteil über die Braunsche Design-Philosophie" zurechtrückt.
=942  \\$cBOO
=952  \\$00$10$2ddc$40$6VIS_POLS$70$8VIS$914352$aORPH$bORPH$cKTS1_H$d2022-09-19$l0$oVIS POLS$p20135986$r2021-01-12 00:00:00$w2021-01-12$yBOO
=999  \\$c14374$d14374

