=LDR  01487aam a2200193   4500
=001  14379
=005  20251009081720.0
=008  120312s2000\\\\\\\\\\\\\\\\\\\\\\0\d
=020  \\$a9783890075013
=041  \\$ager
=100  \\$4edt$aRiethmüller, Albrecht$916360
=245  \\$aBrecht und seine Komponisten
=260  \\$aLaaber$bLaaber-Verlag$c2000
=300  \\$a215
=520  \\$aBerthold Brecht (18981956) hat Komponisten um sich geschart und in seinen Bann gezogen. Viele haben mit ihm eng zusammengearbeitet und standen zu ihm in freundschaftlicher Beziehung. Schon in den späteren zwanziger Jahren gingen daraus stupende Erfolge wie die Dreigroschenoper hervor. Im Umkreis von Brecht war es den Musikern nicht möglich, die politischen Katastrophen und ideologischen Kämpfe der Zeit zu ignorieren  vom NS-Staat bis zur Ost-West-Spaltung nach dem Zweiten Weltkrieg. Im Laufe der Zeit konnte die Gefolgschaft auf harte Proben gestellt oder aufgekündigt werden.
Am Beispiel von sieben überwiegend mit Brecht gleichaltrigen Komponisten wird in den Beiträgen des Bandes veranschaulicht, welche Herausforderung er für sie künstlerisch und menschlich bedeutete: Paul Hindemith, Carl Orff, Kurt Weill, Hanns Eisler, Rudolf Wagner-Régeny, Paul Dessau und Benjamin Britten.

=490  \\$aSpektrum der Musik$v6
=942  \\$cBOO
=952  \\$00$10$2ddc$40$6BIO_BREC_E$70$8BIO$914357$aORPH$bORPH$cKTS1_P$d2021-10-19$g24.00$oBIO BREC e$p20129711$r2021-01-12 00:00:00$w2021-01-12$yBOO
=999  \\$c14379$d14379

