=LDR  02779aam a2200301   4500
=001  14382
=005  20251103150107.0
=008  190509s2006\\\\\\\\\\\\\\\\\\\\\\0\ger
=020  \\$a9783787316236
=041  \\$ager
=100  \\$4aut$aLeibniz, Gottfried Wilhelm$d1646-1716$1http://www.wikidata.org/entity/Q9047$97732
=245  \\$aDer Briefwechsel mit den Jesuiten in China (1689-1714)
=260  \\$aHamburg$bMeiner$c2006
=300  \\$a894 pages
=490  \\$aPhilosophische Bibliothek$v548
=520  \\$aIn the last decades of the seventeenth century, debates about China took place among the intellectual elite, particularly in Germany and France. This was in response to the publications of the Jesuits' mission in China. Of all his contemporaries, Leibniz wrote the most on the subject. In 1710 he received a letter from Joachim Bouvet, the leading figure in China among the Jesuits of the movement of figurism, a method of interpreting the Thirteen Classics, a collection of Chinese writings that collectively form the canon of Confucianism. In the letter, Bouvet stated, he had found Leibniz's binary number system in the 64 hexagrams of the Book of Changes.

The 64 hexagrams of this work were arranged in a mathematically exact sequence, each line containing one long or two short strokes. After this, Leibniz began an extensive correspondence with Jesuits in China. He supported them in the Contest of Rites concerning the question of whether or not Chinese rites could be accommodated in the practice of the Christian faith there. In 1699 his most important work on the subject was published: the 'Novissima Sinica'. He saw similarities between Chinese philosophy and his own views and advocated a further exchange of knowledge between European and Chinese philosophers that would lead to a better understanding of Creation. He proposed that the Chinese natural religion be preached in Europe. Leibniz considered China superior in both practical philosophy and moral instruction.
=610  \0$aJesuits$1http://www.wikidata.org/entity/Q36380$921140
=648  \0$a17th Century (1601-1700)$1http://www.wikidata.org/entity/Q7016$920923
=650  \0$aCorrespondence$1http://www.wikidata.org/entity/Q1784733$921392
=650  \0$aPhilosophy$1http://www.wikidata.org/entity/Q5891$92357
=651  \0$aGermany$1http://www.wikidata.org/entity/Q183$9155
=651  \0$aChina$1http://www.wikidata.org/entity/Q29520$921493
=700  \\$4crp$aBouvet, Joachim$d1656-1730$1http://www.wikidata.org/entity/Q3088895$924874
=700  \\$4edt$aWidmaier, Rita$916365
=700  \\$4edt$aBabin, Malte-Ludolf$916366
=942  \\$cBOO
=952  \\$00$10$2ddc$40$6PHI_LEIB_A$70$8PHI$914360$aORPH$bORPH$cKM12_3_2$d2021-08-11$oPHI LEIB a$p20133801$r2021-01-12 00:00:00$w2021-01-12$yBOO
=999  \\$d14382

