=LDR  01123aam a2200181   4500
=001  14383
=005  20251009081720.0
=008  161122s1982\\\\\\\\\\\\\\\\\\\\\\0\d,\
=020  \\$a3465015347
=041  \\$ad, 
=100  \\$4edt$aHaase, Rudolf$916367
=245  \\$aDer Briefwechsel zwischen Leibniz und Conrad Henfling: ein Beitrag zur Musiktheorie des 17. Jahrhunderts
=260  \\$aFrankfurt am Main$bVittorio Klostermann$c1982
=300  \\$a155
=520  \\$aLeibniz' musiktheoretische Forschungen werden in dem bislang unveröffentlichten Briefwechsel mit dem Hofbeamten des Markgrafen zu Brandenburg-Ansbach Conrad Henfling (1648-1716) dokumentiert. Die Korrespondenz behandelt Henflings Vorschlag zur Temperierung und das von ihm neu entwickelte Klaviarium. Diese Briefe aus den Jahren 1705-1711 geben einen hervorragenden Einblick in die musiktheoretische Diskussion der Zeit und die speziellen mathematischen Probleme der Temperierung.
=942  \\$cBOO
=952  \\$00$10$2ddc$40$6PHI_LEIB_B_HAAS$70$8PHI$914361$aORPH$bORPH$cKM12_3_2$d2021-08-11$oPHI LEIB b HAAS$p20133796$r2021-01-12 00:00:00$w2021-01-12$yBOO
=999  \\$c14383$d14383

