=LDR  00918aam a2200193   4500
=001  14384
=005  20250120120040.0
=008  111129s2009\\\\\\\\\\\\\\\\\\\\\\0\eng
=020  \\$a9780230220027
=041  \\$aeng
=100  \\$aCopus, Julia$4aut$916368
=245  \\$aBrilliant writing tips for students
=260  \\$aHampshire$bPalgrave Macmillan$c2009
=300  \\$a102 pages
=490  \\$aPocket Study Skills
=520  \\$aWith tips on punctuation, style, grammar and essay structure, this handy guide provides succinct and practical guidance on students' most common areas of concern in their written work. Each tip is supplemented by authentic examples of student writing; suggested re-writes; and appropriate self-help exercises.
=942  \\$cBOO
=952  \\$00$10$2ddc$40$6REF_2_000000000000000_COPU$70$8REF$914362$aORPH$bORPH$cKM12_1$d2021-08-23$g5.00$oREF2 COPU$p20131224$r2021-01-12 00:00:00$w2021-01-12$yBOO
=999  \\$d14384

