=LDR  01327aam a2200205   4500
=001  14385
=005  20230123101214.0
=008  110919s1987\\\\\\\\\\\\\\\\\\\\\\0\e
=020  \\$a0951193929
=041  \\$aeng
=100  \\$4aut$aEvans, John$916369
=100  \\$4aut$aReed, Philip$916370
=100  \\$4aut$aWilson, Paul$916371
=245  \\$aA Britten sourcebook
=260  \\$aSuffolk$bThe Britten-Pears foundation$c1987
=300  \\$a328
=520  \\$aThis source book seeks to place in the public domain detail concerning Benjamin Britten's life, public career and compositions which until now was available only in scattered form or known only to those with access to the composer's private papers and composition manuscripts. Contact with primary sources makes it possible, for example, to enumerate for the first time an unprecedentedly detailed list of Britten's vast juvenilia in the chronology. The catalogue raisonne of the composer's incidental music for the media of film, theatre and radio offers a detailed survey of the field and incorporates recent research. The bibliography is the largest since Mitchell and Keller's pioneering work of 1952.
=942  \\$cBOO
=952  \\$00$10$2ddc$40$6BIO_BRIT_C$70$8BIO$914363$aORPH$bORPH$cKTS1_P$d2021-10-19$oBIO BRIT c$p20129653$r2021-01-12 00:00:00$w2021-01-12$yBOO
=999  \\$c14385$d14385

