=LDR  01999aam a2200181   4500
=001  14386
=005  20230123101214.0
=008  120419s2003\\\\\\\\\\\\\\\\\\\\\\0\e
=020  \\$a9780754638728
=041  \\$aeng
=100  \\$aJohnson, Graham$4aut$916372
=245  \\$aBritten, voice and piano: Lectures on the vocal music of Benjamin Britten
=260  \\$bAshgate$c2003
=300  \\$a269
=520  \\$aThis collection of eight "lectures" by pianist, Graham Johnson, is based on a series of concert talks given at the Guildhall School of Music and Drama as part of the Benjamin Britten festival in 2001. The focus of the book is on Britten's songs, starting with his earliest compositions in the genre. Graham Johnson suggests that the nature of Britten's creativity is especially apparent in his setting of poetry, that he becomes the poet's alter-ego. A chapter on Britten's settings of Auden and Eliot explores the particular influences these writers brought to bear at opposite poles of the composer's life. The inspiration of fellow musicians is also discussed, with a chapter devoted to Britten's time in Russia and his friendship with the Rostropovitch family. Closer to home, the book places in context Britten's folksong settings, illustrating how he subverted the English folksong tradition by refusing to accept previous definitions of what constituted national loyalty. Drawing on letters and diaries, and featuring a number of photographs, this book illuminates aspects of Britten's songs from the personal perspective of the pianist who worked closely with Peter Pears after Benjamin Britten was unable to perform through illness. Johnson worked with Pears on learning the role of Aschenbach in "Death in Venice" and was the official pianist for the first master class given by Peter Pears at Snape in 1972.
 

=942  \\$cBOO
=952  \\$00$10$2ddc$3CD : 2$40$6BIO_BRIT_D$70$8BIO$914364$aORPH$bORPH$cKTS1_P$d2021-10-19$oBIO BRIT d$p20129720$r2021-01-12 00:00:00$w2021-01-12$yBOO
=999  \\$c14386$d14386

