=LDR  00481aam a2200157   4500
=001  14388
=005  20250120120037.0
=008  201007s1991\\\\\\\\\\\\\\\\\\\\\\0\d
=041  \\$ad
=100  \\$4edt$aLadenburger, Michael$916202
=245  \\$aEine Brüsseler Beethoven-Sammlung
=260  \\$aBonn$bBeethoven-Haus$c1991
=300  \\$a48
=942  \\$cBOO
=952  \\$00$10$2ddc$40$70$8BIO$914366$aORPH$bORPH$cKTS1_P$d2022-06-24$g5.00$p20130235$r2021-01-12 00:00:00$w2021-01-12$yBOO
=999  \\$c14388$d14388

