=LDR  01364aam a2200193   4500
=001  14390
=005  20230123101215.0
=008  150226s2011\\\\\\\\\\\\\\\\\\\\\\0\n
=020  \\$a9789087281410
=041  \\$an
=100  \\$4Redacteur$aCobussen, Marcel$d-1962$916377
=245  \\$aBububu
=260  \\$aLeiden$bLeiden University Press$c2011
=250  \\$a1
=300  \\$a168
=520  \\$aWat kan de kwantummechanica ons leren over schoonheid? Hoe kan een kunstenaar van nut zijn in juridische onderzoeken? Is het waar dat de belasting kan worden betaald in de vorm van kunstwerken? De domeinen kunst en wetenschap werden lang als strikt gescheiden vakgebieden gezien, maar steeds meer komen ze nader tot elkaar. In Resonanties: Verkenningen Tussen kunsten en wetenschappen onderzoeken wetenschappers kunstuitingen en mengen onderzoekers van kunst zich in de wetenschappelijke discours. Puttend uit verschillende disciplines, als kunstgeschiedenis en muziekwetenschap, wordt in deze bundel bekeken welke manieren kunst en wetenschap elkaar kunnen inspireren tot nieuwe inzichten. In een tijd waarin de positie van de kunsten niet onomstreden is, pleit dit boek voor een centrale rol voor artistiek onderzoek in de samenleving.
=942  \\$cBOO
=952  \\$00$10$40$70$8COLL_UNK$914368$aORPH$bORPH$cLOC_UNK$d2021-01-12$l0$r2021-01-12 00:00:00$w2021-01-12$yBOO
=999  \\$c14390$d14390

