=LDR  01060aam a2200229   4500
=001  14394
=008  180323r16621974-ukh\\\\\\\\\\\\\\0\eng
=041  \\$aeng
=100  \\$4att$aRogers, John$dfl. 17th century$920909
=245  \\$aThe Burwell Lute Tutor c.1660-1672
=260  \\$aLeeds$bBoethius$c1974
=300  \\$aiv-70 pages
=490  \\$aReproductions of Early Music$vI
=590  \\$aWith an introductory study by Robert Spencer
=650  \0$aMethod$1http://www.wikidata.org/entity/Q2250960$921402
=650  \0$aLute$1http://www.wikidata.org/entity/Q180733$93944
=700  \\$4win$aSpencer, Robert$d1932-1997$eWriter of introduction$916373
=700  \\$4edt$aHewitt, Leslie$eEditor$916382
=942  \\$cBOO
=952  \\$00$10$2ddc$40$6INS_5_000000000000000_1C_BURW$70$8INS$914372$aORPH$bORPH$cKTS0$d2021-11-19$oINS5.1c BURW$p20135995$r2021-01-12 00:00:00$w2021-01-12$yBOO
=952  \\$00$10$2ddc$40$6INS_5_000000000000000_1C_BURW$70$8INS$920987$aORPH$bORPH$cKTS0$d2020-07-08$eKoopman$i13F23$oINS5.1c BURW$p20124375$r2021-11-19 00:00:00$w2021-01-12$yBOO
=999  \\$d14394

