=LDR  02509aam a2200193   4500
=001  14398
=005  20230123101217.0
=008  111114s2006\\\\\\\\\\\\\\\\\\\\\\0\e
=020  \\$a9781580462372
=041  \\$aeng
=100  \\$aDickinson, Peter$4aut$916386
=245  \\$aCageTalk: Dialogues with & about John Cage
=260  \\$aRochester$bBoydell & Brewer$c2006
=300  \\$a294
=520  \\$aJohn Cage was one of America's most renowned composers from the 1940s until his death in 1992. But he was also a much-admired writer and artist, and a uniquely attractive personality able to present his ideas engagingly wherever he went. As an interview subject he was a consummate professional.

The main source of CageTalk: Dialogues with and about John Cage is a panoply of vivid and compulsively readable interviews given to Peter Dickinson in the late 1980s for a BBC Radio 3 documentary. The original BBC program lasted an hour but the full discussions with Cage and many of the main figures connected with him have remained unpublished until now.

CageTalk also includes earlier BBC interviews with Cage, including ones by the renowned literary critic Frank Kermode and art critic David Sylvester. And the editor Peter Dickinson contributes little-known source material about Cage's Musicircus and Roaratorio as well as a substantial introduction exploring the multiple roles that Cage's varied and challenging output played during much of the twentieth century and continues to play in the early twenty-first.

Apart from the long interview with Cage himself, there are discussions with Bonnie Bird, Earle Brown, Merce Cunningham, Minna Lederman, Otto Luening, Jackson Mac Low, Peadar Mercier, Pauline Oliveros, John Rockwell, Kurt Schwertsik, Karlheinz Stockhausen, Virgil Thomson, David Tudor, La Monte Young, and Paul Zukovsky. Most of the interviews were given to Peter Dickinson but there are others involving Rebecca Boyle, Anthony Cheevers, Michael Oliver, and Roger Smalley.

Peter Dickinson, British composer and pianist, is emeritus professor, University of Keele and University of London, and has written or edited several books about twentieth-century music, including Copland Connotations (Boydell Press, 2002) and The Music of Lennox Berkeley (Boydell Press, 2003).
=490  \\$aEastman Studies in Music
=942  \\$cBOO
=952  \\$00$10$2ddc$40$6BIO_CAGE_B$70$8BIO$914376$aORPH$bORPH$cKTS1_P$d2021-10-19$g25.00$oBIO CAGE b$p20129679$r2021-01-12 00:00:00$w2021-01-12$yBOO$Vamazon.co.uk
=999  \\$c14398$d14398

