=LDR  02413aam a2200265   4500
=001  14400
=005  20250908102943.0
=008  120223s2000\\\\\\\\\\\\\\\\\\\\\\0\dut
=020  \\$a9058670767
=041  \\$adut
=100  \\$aRaaijmakers, Dick$d1930-2013$4aut$1http://www.wikidata.org/entity/Q359329$915928
=245  \\$aCahier M:$bkleine morfologie van de elektrische klank
=260  \\$aLeuven$bUniversitaire Pers Leuven$c2000
=300  \\$a136 pages
=490  \\$aGeschriften van het Orpheus Instituut$v3
=520  \\$aCAHIER-M handelt over de morfologie van de elektrische klank. Dit in wezen eenlagige klanktype wordt in verband gebracht met het onvermoede voorstel van de kunstschilder Piet Mondriaan rond 1920 ontrent een door hem voorgestane 'neo-plastische', eveneens elektrische muziek.

Daarnaast wordt in CAHIER-M aandacht besteed aan de morfologische relatie tussen het typisch eenvormige van de elektrische klank en de meerlagige klankorganisatie zoals die door de seriële componisten van na WO-II werd gepraktiseerd. De behandeling van dit thema strekt zich uit tot het opeenstapelen van (foto)grafische beelden door de Franse fysioloog E.J. Marey eind 19de eeuw, het wentelen van monadische klankaggregaten door Karel Goeyvaerts vanaf 1952, het toepassen van zogenoemde 'horizontale arpeggio's' door Pierre Boulez rond 1980 en de introductie van 'liquid forms' in de hedendaagse architectuur.

Een en ander wordt toegelicht aan de hand van een nog steeds geldig morfologisch klankonderzoek zoals dat door de auteur tussen 1963 en 1967 werd verricht.
CAHIER-M bestaat uit vier hoofdstukken, achtereenvolgens getiteld: 'de uitgevonden klank', 'de diagonale klank', 'de gecomponeerde klank' en 'de ruimtelijke klank'.




=650  \0$aComposing$1http://www.wikidata.org/entity/Q92186587$93076
=650  \0$aTechnology$1http://www.wikidata.org/entity/Q11016$921633
=700  \\$4edt$aDejans, Peter$917917
=700  \\$4edt$aAgsteribbe, Frank$917306
=942  \\$cBOO
=952  \\$00$10$2ddc$40$6TRE_RAAI$70$8TRE$914378$aORPH$bORPH$cKTS1_H$l0$oTRE RAAI$p20134813$r2021-01-12 00:00:00$w2021-01-12$yBOO
=952  \\$00$10$2ddc$40$6TRE_RAAI$70$8TRE$920675$aORPH$bORPH$cKTS1_H$d2021-10-01$l0$oTRE RAAI$p20137387$r2021-10-01 00:00:00$w2021-01-12$yBOO
=952  \\$00$10$2ddc$40$6TRE_RAAI$70$8TRE$920676$aORPH$bORPH$cKTS1_H$d2021-10-01$l0$oTRE RAAI$p20137388$r2021-10-01 00:00:00$w2021-01-12$yBOO
=999  \\$d14400

