=LDR  01294aam a2200205   4500
=001  14401
=005  20250121142131.0
=008  190513s2002\\\\\\\\\\\\\\\\\\\\\\0\e
=020  \\$a9780199247486
=041  \\$aeng
=100  \\$aBrockliss, L. W. B.$4aut$916387
=245  \\$aCalvet's Web: Enlightenment and the Republic of Letters in Eighteenth-Century France
=260  \\$aOxford$bOxford University Press$c2002
=300  \\$a471 p.
=520  \\$aCalvet's Web is a study of the correspondence network of an Avignon physician in the period 1750-1810. Esprit Calvet was an antiquarian, natural historian, and bibliophile, and was at the centre of a circle of like-minded intellectuals from various backgrounds, chiefly based in the Rhone valley. Laurence Brockliss explores for the first time an important contribution to our understanding of the social construction of knowledge, and offers a new picture of the relationship between the Republic of Letters and the Enlightenment.
=648  \0$a18th Century (1701-1800)$1http://www.wikidata.org/entity/Q7015$920899
=651  \0$aFrance$1http://www.wikidata.org/entity/Q142$9131
=942  \\$cBOO
=952  \\$00$10$2ddc$40$6BIO_CALV_D$70$8BIO$914379$aORPH$bORPH$cKTS1_P$d2021-10-19$oBIO CALV d$p20129698$r2021-01-12 00:00:00$w2021-01-12$yBOO
=999  \\$c14401$d14401

