=LDR  00799aam a2200169   4500
=001  14402
=005  20250120120041.0
=008  180301s2016\\\\\\\\\\\\\\\\\\\\\\0\eng
=041  \\$aeng
=100  \\$aCharles, Clarence$4aut$916388
=245  \\$aCalypso music. Iidentity and social influence: the Trinidadian experience
=260  \\$aLeiden$bLeiden University$c2016
=300  \\$a248 pages
=520  \\$aProefschrift ter verkrijging van de graad van Doctor aan de Universiteit Leiden op gezag van de Rector Magnificus prof. mr. C.J.J.M. Stolker, volgens besluit van het College voor promoties te verdedigen op 22 november 2016.
=942  \\$cDIS
=952  \\$00$10$2ddc$40$6MTP_5_000000000000000_CHAR$70$8MTP$914380$aORPH$bORPH$cKM12_1$d2021-08-30$oMTP5 CHAR$p20131351$r2021-01-12 00:00:00$w2021-01-12$yDIS
=999  \\$d14402

