=LDR  01848aam a2200217   4500
=001  14405
=005  20250121142131.0
=008  190509s2006\\\\\\\\\\\\\\\\\\\\\\0\eng
=020  \\$a9780521822428
=041  \\$aeng
=100  \\$4edt$aRutherford, Donald$916392
=245  \\$aThe Cambridge Companion to Early Modern Philosophy
=260  \\$aCambridge$bCambridge University Press$c2006
=300  \\$a421 pages
=520  \\$aThe Cambridge Companion to Early Modern Philosophy is a comprehensive introduction to the central topics and changing shape of philosophical inquiry in the seventeenth and eighteenth centuries. It explores one of the most innovative periods in the history of Western philosophy, extending from Montaigne, Bacon and Descartes through Hume and Kant. During this period, philosophers initiated and responded to major intellectual developments in natural science, religion, and politics, transforming in the process concepts and doctrines inherited from ancient and medieval philosophy. In this Companion, leading specialists examine early modern treatments of the methodological and conceptual foundations of natural science, metaphysics, philosophy of mind, logic and language, moral and political philosophy, and theology. A final chapter looks forward to the philosophy of the Enlightenment. This will be an invaluable guide for all who are interested in the philosophical thought of the early modern period
=648  \0$a17th Century (1601-1700)$1http://www.wikidata.org/entity/Q7016$920923
=648  \0$a18th Century (1701-1800)$1http://www.wikidata.org/entity/Q7015$920899
=650  \0$aPhilosophy$1http://www.wikidata.org/entity/Q5891$92357
=942  \\$cBOO
=952  \\$00$10$2ddc$40$6PHI_0_000000000000000_RUTH$70$8AES$914383$aORPH$bORPH$cKM12_3_2$d2021-08-18$oPHI0 RUTH$p20133965$r2021-01-12 00:00:00$w2021-01-12$yBOO
=999  \\$d14405

