=LDR  01524aam a2200241   4500
=001  14406
=005  20250925143301.0
=008  130821s2003\\\\\\\\\\\\\\\\\\\\\\0\eng
=020  \\$a9780521600538
=041  \\$aeng
=100  \\$4edt$aGutting, Gary$916393
=245  \\$aThe Cambridge Companion to Foucault
=250  \\$a2nd ed.
=260  \\$aCambridge$bCambridge University Press$c2003
=300  \\$a465
=520  \\$aFor Michel Foucault, philosophy was a way of questioning the allegedly necessary truths that underpin the practices and institutions of modern society. The essays in this volume provide a comprehensive overview of Foucault's major themes and texts, from his early work on madness through his history of sexuality. Special attention is also paid to thinkers and movements, from Kant through current feminist theory, that are particularly important for understanding his work and its impact. This revised edition contains five new essays and revisions of many others, and the extensive bibliography has been updated.
=600  \0$aFoucault, Michel$d1926-1984$1http://www.wikidata.org/entity/Q44272$915787
=648  \0$a20th Century (1901-2000)$1http://www.wikidata.org/entity/Q6927$920936
=650  \0$aPhilosophy$1http://www.wikidata.org/entity/Q5891$92357
=651  \0$aFrance$1http://www.wikidata.org/entity/Q142$9131
=942  \\$cBOO
=952  \\$00$10$2ddc$40$6PHI_FOUC_B_GUTT$70$8PHI$914384$aORPH$bORPH$cKM12_3_2$d2021-08-09$g26.00$oPHI FOUC b GUTT$p20130542$r2021-01-12 00:00:00$w2021-01-12$yBOO
=999  \\$d14406

