=LDR  01976aam a2200241   4500
=001  14407
=005  20250120120055.0
=008  111128s2009\\\\\\\\\\\\\\\\\\\\\\0\eng\d
=020  \\$a9780521684613
=041  \\$aeng
=245  \\$aThe Cambridge Companion to Recorded Music
=260  \\$aCambridge$bCambridge University Press$c2009
=300  \\$a359 pages
=490  \\$aCambridge Companions to Music
=520  \\$aFrom the cylinder to the download, the practice of music has been radically transformed by the development of recording and playback technologies. This Companion provides a detailed overview of the transformation, encompassing both classical and popular music. Topics covered include the history of recording technology and the businesses built on it; the impact of recording on performance styles; studio practices, viewed from the perspectives of performer, producer and engineer; and approaches to the study of recordings. The main chapters are interspersed by 'short takes' - short contributions by different practitioners, ranging from classical or pop producers and performers to record collectors. Combining basic information with a variety of perspectives on records and recordings, this book will appeal not only to students in a range of subjects from music to the media, but also to general readers interested in a fundamental yet insufficiently understood dimension of musical culture.
=700  \\$4edt$aCook, Nicholas$915892
=700  \\$4edt$aClarke, Eric F.$1http://www.wikidata.org/entity/Q62559666$916928
=700  \\$4edt$aLeech-Wilkinson, Daniel$916395
=700  \\$4edt$aRink, John$916396
=942  \\$cBOO
=952  \\$00$10$40$70$8COLL_UNK$914385$aORPH$bORPH$cLOC_UNK$g17.00$l1$m4$p2011217$q2022-03-16$r2021-03-10 00:00:00$s2021-03-10$w2021-01-12$yBOO
=952  \\$00$10$2ddc$40$6MTP_2_000000000000000_COOK$70$8MTP$914386$aORPH$bORPH$cKM12_1$d2022-09-08$g19.00$l1$oMTP2 COOK$p20134459$r2025-10-16 17:04:32$s2025-09-10$w2021-01-12$yBOO
=999  \\$d14407

