=LDR  01801aam a2200253   4500
=001  14409
=005  20250925143301.0
=008  120105s2000\\\\-uk\\\\\\\\\\\\\\\0\eng
=020  \\$a9780521627092
=041  \\$aeng
=100  \\$4aut$aPotter, John$916398
=245  \\$aThe Cambridge Companion to Singing
=250  \\$a3
=260  \\$aCambridge$bCambridge University Press$c2000
=300  \\$a286 pages
=336  \\$aprinted
=490  \\$aCambridge Companions to Music
=520  \\$aRanging from medieval music to Madonna and beyond, this is the only book to cover in detail so many aspects of the voice. The volume is divided into four broad areas. Popular Traditions begins with an overview of singing traditions in world music and continues with aspects of rock, rap and jazz. The Voice in the Theatre includes both opera singing from the beginnings to the present day and twentieth-century stage and screen entertainers. Choral Music and Song features a history of the art song, essential hints on singing in a larger choir, the English cathedral tradition and a history of the choral movement in the United States. The final substantial section on performance practices ranges from the voice in the Middle Ages and the interpretation of early singing treatises to contemporary vocal techniques, ensemble singing, the teaching of singing, children's choirs, and a comprehensive exposition of vocal acoustics.
=648  \0$a20th Century (1901-2000)$1http://www.wikidata.org/entity/Q6927$920936
=650  \0$aSinging$1http://www.wikidata.org/entity/Q27939$92767
=650  \0$aVocal music$1http://www.wikidata.org/entity/Q685884$93319
=942  \\$cBOO
=952  \\$00$10$2ddc$40$6INS_2A$70$8INS$914389$aORPH$bORPH$cKTS0$d2021-10-22$g26.00$oINS2a$p20130112$r2021-01-12 00:00:00$w2021-01-12$yBOO
=999  \\$d14409

