=LDR  01519aam a2200253   4500
=001  14411
=005  20250925143301.0
=008  120222s1994\\\\\\\\\\\\\\\\\\\\\\0\eng
=020  \\$a0521403324
=041  \\$aeng
=100  \\$aGutting, Gary$4edt$916393
=245  \\$aThe Cambridge Companion to Foucault
=250  \\$a1st ed.
=260  \\$aCambridge$bCambridge University Press$c1994
=300  \\$a360 pages
=490  \\$aCambridge Companions
=520  \\$aMichel Foucault was one of the most important contemporary French thinkers. He was of major significance as a philospher, historian, and social critic. This volume offers a systematic and comprehensive survey of his work through a set of specially commissioned essays. These essays provide an introduction to Foucault's major books, from his early work on madness through his history of sexuality, and relate his thought to major contemporary movements such as critical theory and feminism. This revised edition contains five new essays and an extensive, updated bibliography.
=600  \0$aFoucault, Michel$d1926-1984$1http://www.wikidata.org/entity/Q44272$915787
=648  \0$a20th Century (1901-2000)$1http://www.wikidata.org/entity/Q6927$920936
=650  \0$aPhilosophy$1http://www.wikidata.org/entity/Q5891$92357
=651  \0$aFrance$1http://www.wikidata.org/entity/Q142$9131
=942  \\$cBOO
=952  \\$00$10$2ddc$40$6PHI_FOUC_B_GUTT$70$8PHI$914391$aORPH$bORPH$cKM12_3_2$d2021-08-09$oPHI FOUC b GUTT$p20133405$r2021-01-12 00:00:00$w2021-01-12$yBOO
=999  \\$d14411

