=LDR  02300aam a2200289   4500
=001  14413
=005  20250121142131.0
=008  190621s2019\\\\\\\\\\\\\\\\\\\\\\0\eng
=020  \\$a9781107129016
=041  \\$aeng
=245  \\$aThe Cambridge Haydn Encyclopedia
=260  \\$aCambridge$bCambridge University Press$c2019
=300  \\$a486 pages
=520  \\$aFor well over two hundred years, Joseph Haydn has been by turns lionized and misrepresented - held up as celebrity, and disparaged as mere forerunner or point of comparison. And yet, unlike many other canonic composers, his music has remained a fixture in the repertoire from his day until ours. What do we need to know now in order to understand Haydn and his music? With over eighty entries focused on ideas and seven longer thematic essays to bring these together, this distinctive and richly illustrated encyclopedia offers a new perspective on Haydn and the many cultural contexts in which he worked and left his indelible mark during the Enlightenment and beyond. Contributions from sixty-seven scholars and performers in Europe, the Americas, and Oceania, capture the vitality of Haydn studies today - its variety of perspectives and methods - and ultimately inspire further exploration of one of western music's most innovative and influential composers.
=600  \0$aHaydn, Joseph$d1732-1809$1http://www.wikidata.org/entity/Q7349$94783
=648  \0$a18th Century (1701-1800)$1http://www.wikidata.org/entity/Q7015$920899
=648  \0$a19th Century (1801-1900)$1http://www.wikidata.org/entity/Q6955$920935
=650  \0$aComposer$1http://www.wikidata.org/entity/Q36834$93625
=650  \0$aEncyclopedia$1http://www.wikidata.org/entity/Q5292$92184
=651  \0$aEszterháza (Hungary)$1http://www.wikidata.org/entity/Q667208$923790
=651  \0$aVienna (Austria)$1http://www.wikidata.org/entity/Q1741$920937
=651  \0$aLondon (United Kingdom)$1http://www.wikidata.org/entity/Q84$9123
=700  \\$aClark, Caryl$1http://www.wikidata.org/entity/Q105395051$4edt$916405
=700  \\$aDay-O'Connell, Sarah$1http://www.wikidata.org/entity/Q112563346$4edt$916406
=942  \\$cBOO
=952  \\$00$10$2ddc$40$6BIO_HAYD1_D$70$8BIO$914393$aORPH$bORPH$cKTS1_P$d2021-10-19$oBIO HAYD1 d$p20130169$r2021-01-12 00:00:00$w2021-01-12$yBOO
=999  \\$d14413

