=LDR  01502aam a2200205   4500
=001  14414
=005  20250120120041.0
=008  190913s1982\\\\\\\\\\\\\\\\\\\\\\0\e
=020  \\$a0521226058
=041  \\$aeng
=100  \\$4Editor$aKretzmann, Norman$916407
=100  \\$4Editor$aKenny, Anthony$916408
=100  \\$4Editor$aPinborg, Jan$916409
=245  \\$aThe Cambridge history of later medieval philosophy
=260  \\$aCambridge$bCambridge University Press$c1982
=300  \\$a1035
=520  \\$aThis 1982 book is a history of the great age of scholastism from Abelard to the rejection of Aristotelianism in the Renaissance, combining the highest standards of medieval scholarship with a respect for the interests and insights of contemporary philosophers, particularly those working in the analytic tradition. The volume follows on chronologically from The Cambridge History of Later Greek and Early Medieval Philosophy, though it does not continue the histories of Greek and Islamic philosophy but concentrates on the Latin Christian West. Unlike other histories of medieval philosophy that divide the subject matter by individual thinkers, it emphasises the parts of more historical and theological interest. This volume is organised by those topics in which recent philosophy has made the greatest progress.
=942  \\$cBOO
=952  \\$00$10$2ddc$40$6PHI_0_000000000000000_KRET$70$8PHI$914394$aORPH$bORPH$cKM12_3_2$d2021-08-18$oPHI0 KRET$p20133984$r2021-01-12 00:00:00$w2021-01-12$yBOO
=999  \\$c14414$d14414

