=LDR  01936aam a2200241   4500
=001  14415
=005  20250120120918.0
=008  120301s2012\\\\\\\\\\\\\\\\\\\\\\0\eng
=020  \\$a9780521896115
=041  \\$aeng
=245  \\$aThe Cambridge History of Musical Performance
=260  \\$aCambridge$bCambridge University Press$c2012
=300  \\$a906 pages
=520  \\$aThe intricacies and challenges of musical performance have recently attracted the attention of writers and scholars to a greater extent than ever before. Research into the performer's experience has begun to explore such areas as practice techniques, performance anxiety and memorisation, as well as many other professional issues. Historical performance practice has been the subject of lively debate way beyond academic circles, mirroring its high profile in the recording studio and the concert hall. Reflecting the strong ongoing interest in the role of performers and performance, this History brings together research from leading scholars and historians and, importantly, features contributions from accomplished performers, whose practical experiences give the volume a unique vitality. Moving the focus away from the composers and onto the musicians responsible for bringing the music to life, this History presents a fresh, integrated and innovative perspective on performance history and practice, from the earliest times to today.
=648  \0$aPast$1http://www.wikidata.org/entity/Q192630$922196
=650  \0$aPerformance$926223
=650  \0$aMusic history$1http://www.wikidata.org/entity/Q846047$921373
=651  \0$aEurope$1http://www.wikidata.org/entity/Q46$991
=700  \\$4edt$aLawson, Colin$916410
=700  \\$4edt$aStowell, Robin$916411
=942  \\$cBOO
=952  \\$00$10$2ddc$40$6MTP_2_000000000000000_LAWS$70$8MTP$914395$aORPH$bORPH$cKM12_1$d2012-03-01$g110.00$l1$oMTP2 LAWS$p20135523$r2022-08-29 00:00:00$s2022-01-12$w2021-01-12$yBOO
=999  \\$d14415

