=LDR  02568aam a2200217   4500
=001  14417
=005  20250120120041.0
=008  131023s2013\\\\\\\\\\\\\\\\\\\\\\0\eng
=020  \\$a9780521606226
=041  \\$aeng
=245  \\$aThe Cambridge Introduction to Theatre Directing
=260  \\$aCambridge$bCambridge Scholars Publishing$c2013
=300  \\$a283 pages
=490  \\$aCambridge Introductions
=520  \\$aThis Introduction is an exciting journey through the different styles of theatre that twentieth-century and contemporary directors have created. It discusses artistic and political values, rehearsal methods and the diverging relationships with actors, designers, other collaborators and audiences, and treatment of dramatic material. Offering a compelling analysis of theatrical practice, Christopher Innes and Maria Shevtsova explore the different rehearsal and staging principles and methods of such earlier groundbreaking figures as Stanislavsky, Meyerhold and Brecht, revising standard perspectives on their work. The authors analyse, as well, a diverse range of innovative contemporary directors, including Ariane Mnouchkine, Elizabeth LeCompte, Peter Sellars, Robert Wilson, Thomas Ostermeier and Oskaras Koraunovas, among many others. While tracing the different roots of directorial practices across time and space, and discussing their artistic, cultural and political significance, the authors provide key examples of the major directorial approaches and reveal comprehensive patterns in the craft of directing and the influence and collaborative relationships of directors.

Provides an essential guide to theatre practice for practitioners and students, tracing the development of directorial practices and describing a range of examples for study
Examines the artistic and political values of influential and lesser-known directors, their methods and their relationships with actors, designers and their audiences, to introduce key figures and demonstrate their influence upon contemporary theatre
Reveals comprehensive patterns in the craft of directing and offers fresh insights into improvisation techniques and the collaborative relationships between directors to fill an important gap in theatre studies
=650  \0$aStaging$1http://www.wikidata.org/entity/Q3508687$922118
=700  \\$4aut$aInnes, Christopher$916413
=700  \\$4aut$aShevtsova, Maria$916414
=942  \\$cBOO
=952  \\$00$10$2ddc$40$6LIT_INNE_A$70$8LIT$914397$aORPH$bORPH$cKM12_2_H$d2021-08-30$g15.00$oLIT INNE a$p20131324$r2021-01-12 00:00:00$w2021-01-12$yBOO
=999  \\$d14417

