=LDR  01038aam a2200241   4500
=001  14427
=005  20250120120158.0
=008  200313s2009\\\\\\\ago\\\\\\\\\\\\0bger\d
=020  \\$a9783795706708
=041  \\$ager
=100  \\$4edt$aLoesch, Heinz von$d1959-$1http://www.wikidata.org/entity/Q15432203$916424
=245  \\$aCarl Czerny:$bKomponist, Pianist, Pädagoge
=260  \\$aSchott musik$bSchott musik$c2009
=300  \\$a342 pages
=490  \\$aKlang und Begriff$vBand 3
=648  \0$1http://www.wikidata.org/entity/Q6955$a19th Century (1801-1900)$920935
=650  \0$1http://www.wikidata.org/entity/Q36834$aComposer$93625
=650  \0$1http://www.wikidata.org/entity/Q486748$aPianist$92959
=650  \0$1http://www.wikidata.org/entity/Q16145150$aMusic teacher$93068
=650  \0$1http://www.wikidata.org/entity/Q36279$aBiography$91927
=942  \\$cBOO
=952  \\$00$10$2ddc$40$6BIO_CZER_D$70$8BIO$914407$aORPH$bORPH$cKTS1_P$d2021-09-26$g47.00$l1$m1$oBIO CZER d$p20145613$r2023-07-20 00:00:00$s2021-03-10$w2021-01-12$yBOO
=999  \\$d14427

