=LDR  01141aam a2200265   4500
=001  14428
=005  20250121142131.0
=008  180531s2012\\\\\\\\\\\\\\\\\\\\\\0\ita
=020  \\$a9788870965179
=041  \\$aita
=245  \\$aCarlo Tessarini da Rimini:$bviolonista, compositore, editore nell'Europa del settecento
=260  \\$aLucca$bLibreria Musicale Italiana$c2012
=300  \\$a756 pages
=600  \0$aTessarini, Carlo$d1690-1766$1http://www.wikidata.org/entity/Q939898$921271
=648  \0$a18th Century (1701-1800)$1http://www.wikidata.org/entity/Q7015$920899
=650  \0$aViolinist$1http://www.wikidata.org/entity/Q1259917$93278
=650  \0$aComposer$1http://www.wikidata.org/entity/Q36834$93625
=650  \0$aItalian$1http://www.wikidata.org/entity/Q652$924225
=651  \0$aEurope$1http://www.wikidata.org/entity/Q46$991
=700  \\$4edt$aBesutti, Paola$916425
=700  \\$4edt$aGiuliani, Roberto$916426
=700  \\$4edt$aPolazzi, Gianandrea$916427
=942  \\$cBOO
=952  \\$00$10$2ddc$40$6BIO_TESS_E$70$8BIO$914408$aORPH$bORPH$cKTS1_P$d2022-09-13$l0$oBIO TESS e$p20129844$r2021-01-12 00:00:00$w2021-01-12$yBOO
=999  \\$d14428

