=LDR  02691aam a2200181   4500
=001  14431
=005  20250109133458.0
=008  180514s1948\\\\\\\\\\\\\\\\\\\\\\0\fre
=041  \\$afre
=100  \\$aDamien, Côme$d1904-1982$c1904-1982$4aut$916432
=245  \\$aCarnets d'un esculape gantois
=260  \\$bUnion chimique belge$c1948$aBrussels
=300  \\$a227
=520  \\$aTHIRY, URBAIN
(Maldegem, 10.10.1904 - Gent, 14.03.1982) 

Franstalig geneesheer en auteur die ook schreef onder de pseudoniemen Un esculape gantois en Côme Damien. Hij genoot lager onderwijs in zijn geboortestad, volgde middelbare studies in het St.Barbaracollege te Gent en studeerde daarna voor arts aan de Gentse universiteit waar hij in 1930 zijn diploma behaalde.
Eens dokter in de genees-, heel- en vroedkunde (vroegere benaming) oefende hij een praktijk uit als huisarts. Dat combineerde hij met de functie van assistent, eerst in de Faculteit Geneeskunde en later in het burgerlijke hospitaal De Bijloke (opgericht in 1228) waaraan hij voor de rest van zijn loopbaan verbonden bleef. Vanaf maart 1934 woonde hij in de Makelaarsstraat, in oktober 1937 verhuisde hij naar de Blekersdijk en vanaf 1948 vestigde hij zich definitief aan de Baudelokaai.

Hij publiceerde een veertigtal wetenschappelijke studies. Vrij vlug was hij de animator van het hospitaal, zo werd hij onder meer belast met de organisatie van een jaarlijkse culturele reis van de artsen, verbonden aan de kliniek, en met het inrichten van tweemaandelijkse Conférences de la Biloque. Omdat veel medereizigers en/of toehoorders het jammer vonden dat er geen sporen overbleven van die activiteiten, besloot dr. Thiry dan maar om zelf kleine (met humor doorspekte) resumés te schrijven; daarvoor koos hij het pseudoniem Un esculape gantois (Een Gentse dokter). Het tijdschrift Médecine de France publiceerde één van zijn teksten maar de meeste bijdragen uit die naoorlogse jaren verschenen in La vie médicale. Het waren grotendeels humoristische schetsen waarin hij een aantal Gentse artsen portretteerde. In de zelfde periode werkte hij ook kortstondig mee aan het tijdschrift Les annales de médecine militaire. 

Na enkele jaren bundelde hij een selectie van zijn teksten. Ze verschenen in mei 1948 als boek onder de titel Carnets dun esculape gantois en onder de schuilnaam Côme Damien; ze werden voorzien van een voorwoord van prof. F. de Beul en geïllustreerd met houtsneden van Paul Eeckhout.
=942  \\$cBOO
=952  \\$00$10$2ddc$40$6LIT_DAMI_A$70$8LIT$914411$aORPH$bORPH$cKM12_2_H$d2021-08-18$oLIT DAMI a$p20117412$r2021-01-12 00:00:00$w2021-01-12$yBOO
=999  \\$c14431$d14431
=650  \0$aSatire$1http://www.wikidata.org/entity/Q128758$921636

