=LDR  01399aam a2200193   4500
=001  14438
=005  20250120120042.0
=008  170221s1983\\\\\\\\\\\\\\\\\\\\\\0\d
=020  \\$a978-3820478174
=041  \\$ad
=100  \\$aPeters, Jens-Peter$4aut$916440
=245  \\$aCassirer, Kant und Sprache: Ernst Cassirers "Philosophie der symbolischen Formen"
=260  \\$aFrankfurt am Main$bPeter Lang$c1983
=300  \\$a180
=520  \\$aErnst Cassirers (1874-1945) 'Philosophie der symbolischen Formen' (3 Bde. 1923-29) ist ein klassisches Werk der Philosophie unseres Jahrhunderts. Cassirers Symbolphilosophie ist systematisch v.a. Sprachphilosophie, die in einer Auseinandersetzung mit W. Wundts 'Völkerpsychologie' (10 Bde. 1900ff) Gestalt gewinnt. Hinzu tritt der Einfluss Bertrand Russells und, durch diesen vermittelt, G. Freges. Die Grundformen aller Symbole, d.h. aller Formen der 'Anschauung' und 'Vorstellung' von Welt, bilden die Kantischen Schemata von Raum, Zeit und Zahl. In Konsequenz dieser sprach-logischen Kant-Interpretation Cassirers expliziert die Untersuchung (in Anlehnung an Jaako Hintikka) die Kantischen Schemata als Universalien.
=490  \\$aEuropaïsche Hochschulschriften$vReihe XX Bd.121
=942  \\$cBOO
=952  \\$00$10$2ddc$40$6PHI_CASS_B_PETE$70$8PHI$914418$aORPH$bORPH$cKM12_3_2$d2021-08-09$oPHI CASS b PETE$p20131093$r2021-01-12 00:00:00$w2021-01-12$yBOO
=999  \\$c14438$d14438

