=LDR  01217aam a2200229   4500
=001  14443
=005  20251003085459.0
=008  160726s1864\\\\\\\\\\\\\c\\\\\\\\0\fre\d
=041  \\$afre
=100  \\$4edt$aLévy, Michel$916444
=245  \\$aCatalogue de Michel Lévy Frères, Libraires Editeurs et de La Librairie Nouvelle$nPremière partie
=260  \\$aParis$bLévy$c1864
=300  \\$a36 pages
=500  \\$aAttention: bound into a different book cover, namely 'Bégaiements d'amour, opéra comique en un acte'
=590  \\$aNouveaux ouvrages en vente, Ouvrages divers, Blibliothèques contemporaine et nouvelle, Collection Michel Lévy, Bibliothèque des voyageurs, Collection Hetzel et Lévy, Ouvrages illustrés, Musée littéraire contemporain, Brochures diverses
=648  \0$a19th Century (1801-1900)$1http://www.wikidata.org/entity/Q6955$920935
=650  \0$aPublishing$1http://www.wikidata.org/entity/Q3972943$93049
=650  \0$aCatalogue$1http://www.wikidata.org/entity/Q2352616$921484
=651  \0$aParis (France)$1http://www.wikidata.org/entity/Q90$9160
=942  \\$cBOO
=952  \\$00$10$2ddc$40$70$8RAR$914423$aORPH$bORPH$cKTS1_H$d2022-08-10$l0$p20116036$r2021-01-12 00:00:00$w2021-01-12$yBOO
=999  \\$d14443

