=LDR  00539aam a2200157   4500
=001  14445
=005  20250120120042.0
=008  161206s1992\\\\\\\\\\\\\\\\\\\\\\0\f
=041  \\$afre
=100  \\$aLabelle, Nicole$4aut$916446
=245  \\$aCatalogue raisonné de l'oeuvre de Albert Roussel
=260  \\$aLouvain-la-Neuve$bMusicologica Neolovaniensia$c1992
=300  \\$a159
=942  \\$cBOO
=952  \\$00$10$2ddc$40$6BIO_ROUS2_C$70$8BIO$914425$aORPH$bORPH$cKTS1_P$d2021-10-19$oBIO ROUS2 c$p20129894$r2021-01-12 00:00:00$w2021-01-12$yBOO
=999  \\$c14445$d14445

