=LDR  02242aam a2200253   4500
=001  14460
=005  20250925143301.0
=008  190705s2008\\\\\\\\\\\\\\\\\\\\\\0\eng
=020  \\$a9780865346611
=041  \\$aeng
=100  \\$aComini, Alessandra$4aut$916463
=245  \\$aThe Changing Image of Beethoven: $bA Study in Mythmaking
=260  \\$aSanta Fe, AZ$bSunstone$c2008
=300  \\$a480 pages
=520  \\$aNo composer in the history of music has undergone so many makeovers in the portrayal of his facial features or the interpretation of his cultural legacy as Ludwig van Beethoven. The myth began during his lifetime when few verbal or visual portrayals of the composer adhered strictly to his physical appearance; instead his mannerisms, manners, and moods prevailed. Promoted from peevish recluse to Promethean hero, he was pictured early on as a 'genius inspired by inner voices in the presence of nature, with leonine hair writhing wildly in symbolic parallel to the seething turbulence of creativity,' according to the author. In this unique study of the myth-making process across two centuries, Alessandra Comini examines the contradictory imagery of Beethoven in contemporary verbal accounts and in some 200 paintings, prints, sculptures, and monuments. With a witty yet penetrating narrative, she moves through these images to construct a collective image of the composer that reflects the many differing impressions left by devoted 'myth makers' ranging from Wagner, Nietzsche, Berlioz, and Brahms to Rolland, D'Annunzio, and Jenny Lind.
=600  \0$aBeethoven, Ludwig van$d1770-1827$1http://www.wikidata.org/entity/Q255$95335
=648  \0$a18th Century (1701-1800)$1http://www.wikidata.org/entity/Q7015$920899
=648  \0$a19th Century (1801-1900)$1http://www.wikidata.org/entity/Q6955$920935
=648  \0$a20th Century (1901-2000)$1http://www.wikidata.org/entity/Q6927$920936
=650  \0$aComposer$1http://www.wikidata.org/entity/Q36834$93625
=650  \0$aLegacy$1http://www.wikidata.org/entity/Q623282$922131
=942  \\$cBOO
=952  \\$00$10$2ddc$40$6BIO_BEET_E$70$8BIO$914440$aORPH$bORPH$cKTS1_P$d2021-11-23$g41.00$l1$m4$oBIO BEET e$p20118031$q2022-03-16$r2021-03-10 00:00:00$s2021-03-10$w2021-01-12$yBOO
=999  \\$d14460

