=LDR  03589aam a2200229   4500
=001  14461
=005  20250925143301.0
=008  111114s2010\\\\\\\g\\\\\\\\\\\\\\0deng\d
=020  \\$a9780754666806
=041  \\$aeng
=245  \\$aChanging the System:$bThe Music of Christian Wolff
=260  \\$aLondon$bAshgate$c2010
=300  \\$a284 pages
=520  \\$aChristian Wolff is a composer who has followed a distinctive path often at the centre of avant-garde activity working alongside figures such as John Cage, Merce Cunningham, and Cornelius Cardew. In a career spanning sixty years, he has produced a significant and influential body of work that has aimed to address, in a searching and provocative manner, what it means to be an experimental and socially aware artist. This book provides a wide-ranging introduction to a composer often overlooked despite his influence upon many of the major figures in new music since the 1950s from Cage to John Zorn to the new wave of experimentalists across the globe. 

As the first detailed analysis of the music of this prolific and highly individual composer, Changing the System: The Music of Christian Wolff contains contributions from leading experts in the field of new and experimental music, as well as from performers and composers who have worked with Wolff. The reception of Wolff's music is discussed in relation to the European avant-garde and also within the context of Wolff's association with Cage and Feldman. Music from his earliest compositions of the 1950s, the highly indeterminate scores, the politically-inspired pieces up to the most recent works are discussed in detail, both in relation to their compositional techniques, general aesthetic development, and matters of performance. The particular challenges and aesthetic issues arising from Wolff's idiosyncratic notations and the implications for performers are a central theme. Likewise, the ways in which Wolff's political persuasions - which arguably account for some of the notational methods he chooses - have been worked out through his music, are examined. With a foreword by his close associate Michael Parsons, this is a valuable addition to experimental music literature.
Contents: Foreword, Michael Parsons; Preface, Stephen Chase and Philip Thomas; Part I Reception, History: 'Our Webern': Cage and Feldman's devotion to Christian Wolff, Michael Hicks; Christian Wolff in Darmstadt, 1972 and 1974, Amy C. Beal. Part II The Music: For pianist: the solo piano music, Philip Thomas; Mutual effects: organization and interaction in the orchestral music of Christian Wolff, James Saunders; Exercising the ensemble: some thoughts on the later music of Christian Wolff, Christopher Fox. Part III Politics: Changing the system: indeterminacy and politics in the early 1970s, David Ryan; 'There is always a time': words, music, politics and voice, Stephen Chase. Part IV Performance: Prose Collection: the performer and listener as co-creator, Clemens Gresser; Playing the game? 5 reflections upon performing Christian Wolff's music, Philip Thomas; List of works; Bibliography; Discography; Index.
=648  \0$a20th Century (1901-2000)$1http://www.wikidata.org/entity/Q6927$920936
=650  \0$aComposer$1http://www.wikidata.org/entity/Q36834$93625
=651  \0$aUSA$1http://www.wikidata.org/entity/Q30$943
=700  \\$4edt$aChase, Stephen$916464
=700  \\$4edt$aThomas, Philip$916465
=942  \\$cBOO
=952  \\$00$10$2ddc$40$6BIO_WOLF2_E$70$8BIO$914441$aORPH$bORPH$cKTS1_P$d2022-04-19$g60.00$oBIO WOLF2 e$p20129849$r2021-01-12 00:00:00$w2021-01-12$yBOO
=999  \\$d14461

