=LDR  02510aam a2200313   4500
=001  14463
=005  20250603161314.0
=008  161206m18791880\\\\\\\\\\\\\\\\\\0\fre\d
=041  \\$afre
=100  \\$4edt$aRaunié, Emile$d1854-1911$916467
=245  \\$aChansonnier historique du XVIIIe siècle
=260  \\$aParis$bQuantin$c1879-80
=300  \\$a10 vols. (156+328+228+298+305+368+373+333+268+359 pages)
=590  \\$aPublié avec Introduction, Commentaire, Notes et Index
=648  \0$a18th Century (1701-1800)$1http://www.wikidata.org/entity/Q7015$920899
=650  \0$aSong$1http://www.wikidata.org/entity/Q7366$94164
=651  \0$aFrance$1http://www.wikidata.org/entity/Q142$9131
=942  \\$cBOO
=952  \\$00$10$2ddc$3I$40$6KTS_1_000000000000000_H_08_025_01$70$8RAR$914443$aORPH$bORPH$cKTS1_H$d2022-03-09$oKTS1 H.08.025_01$p20144058$r2021-01-12 00:00:00$w2021-01-12$yBOO
=952  \\$00$10$2ddc$3II$40$6KTS_1_000000000000000_H_08_025_02$70$8RAR$914444$aORPH$bORPH$cKTS1_H$d2022-03-09$oKTS1 H.08.025_02$p20144059$r2021-01-12 00:00:00$w2021-01-12$yBOO
=952  \\$00$10$2ddc$3III$40$6KTS_1_000000000000000_H_08_025_03$70$8RAR$914445$aORPH$bORPH$cKTS1_H$d2022-03-09$oKTS1 H.08.025_03$p20144060$r2021-01-12 00:00:00$w2021-01-12$yBOO
=952  \\$00$10$2ddc$3IV$40$6KTS_1_000000000000000_H_08_025_04$70$8RAR$914446$aORPH$bORPH$cKTS1_H$d2022-03-09$oKTS1 H.08.025_04$p20144061$r2021-01-12 00:00:00$w2021-01-12$yBOO
=952  \\$00$10$2ddc$3IX$40$6KTS_1_000000000000000_H_08_025_09$70$8RAR$914447$aORPH$bORPH$cKTS1_H$d2022-03-09$oKTS1 H.08.025_09$p20144066$r2021-01-12 00:00:00$w2021-01-12$yBOO
=952  \\$00$10$2ddc$3V$40$6KTS_1_000000000000000_H_08_025_05$70$8RAR$914448$aORPH$bORPH$cKTS1_H$d2022-03-09$oKTS1 H.08.025_05$p20144062$r2021-01-12 00:00:00$w2021-01-12$yBOO
=952  \\$00$10$2ddc$3VI$40$6KTS_1_000000000000000_H_08_025_06$70$8RAR$914449$aORPH$bORPH$cKTS1_H$d2022-03-09$oKTS1 H.08.025_06$p20144063$r2021-01-12 00:00:00$w2021-01-12$yBOO
=952  \\$00$10$2ddc$3VII$40$6KTS_1_000000000000000_H_08_025_07$70$8RAR$914450$aORPH$bORPH$cKTS1_H$d2022-03-09$oKTS1 H.08.025_07$p20144064$r2021-01-12 00:00:00$w2021-01-12$yBOO
=952  \\$00$10$2ddc$3VIII$40$6KTS_1_000000000000000_H_08_025_08$70$8RAR$914451$aORPH$bORPH$cKTS1_H$d2022-03-09$oKTS1 H.08.025_08$p20144065$r2021-01-12 00:00:00$w2021-01-12$yBOO
=952  \\$00$10$2ddc$3X$40$6KTS_1_000000000000000_H_08_025_10$70$8RAR$914452$aORPH$bORPH$cKTS1_H$d2022-03-09$oKTS1 H.08.025_10$p20144067$r2021-01-12 00:00:00$w2021-01-12$yBOO
=999  \\$d14463

