=LDR  01369aam a2200205   4500
=001  14475
=005  20250120120042.0
=008  180313s1995\\\\\\\\\\\\\\\\\\\\\\0\f
=020  \\$a9782253066583
=041  \\$af
=100  \\$4Editor (+notes)$aRosenberg, Samuel N.$916470
=100  \\$4Editor$aTischler, Hans$916471
=245  \\$aChansons des trouvères
=260  \\$aParis$bLe Livre de Poche$c1995
=300  \\$a1088
=520  \\$aÀ l'aube de la poésie française, il y a, au XIIe et au XIIIe siècle, les trouvères et leurs chansons, courtoises ou d'allure populaire : chansons d'amour, chansons de femmes, chansons à danser, chansons de croisade, chansons religieuses. Chansons lointaines, dont l'écho pourtant résonne encore en nous. Voici la plus riche anthologie de la poésie lyrique française des XIIe et XIIIe siècles existant à l'heure actuelle : près de 220 chansons, offrant un panorama des divers genres et des divers auteurs. 

À leur édition rigoureuse, accompagnée d'un riche appareil de notes et de variantes, s'ajoutent une traduction en français moderne et une transcription des mélodies, brillamment commentée dans l'introduction.
=490  \\$aLettres gothiques
=942  \\$cBOO
=952  \\$00$10$2ddc$40$6LIT_ROSE_A$70$8LIT$914455$aORPH$bORPH$cKM12_2_H$d2021-08-25$oLIT ROSE a$p20130597$r2021-01-12 00:00:00$w2021-01-12$yBOO
=999  \\$c14475$d14475

