=LDR  01151cam a22002531  4500
=001  14476
=003  OSt
=005  20250120120522.0
=008  770430s1938\\\\ne\d\\\\\b\\\\000\0\dut\\
=040  \\$aOI
=041  \\$adut
=100  \\$aBoer, Coenraad Lodewijk Walther$4aut$922830
=245  10$aChansonvormen op het einde van de XVde eeuw:$been studie naar aanleiding van Petrucci's "Harmonice musices odhecaton"
=260  \\$aAmsterdam$bParis$c1938
=300  \\$ax-127 pages$c25 cm
=502  \\$aProefschrift--Utrecht.
=504  \\$a"Litteratuurlijst": p. [122]-125.
=600  \0$aPetrucci, Ottaviano$d1466-1539$1http://www.wikidata.org/entity/Q458014$922100
=648  \0$a15th Century (1401-1500)$1http://www.wikidata.org/entity/Q7018$921015
=650  \0$aSong$1http://www.wikidata.org/entity/Q7366$94164
=942  \\$cBOO
=952  \\$00$10$2ddc$40$6GEN_11_000000000000000$70$8GEN$913106$aORPH$bORPH$cKM12_1$d2020-07-08$eKoopman$i41D42$oGEN11$p20120129$r2021-01-12 00:00:00$w2021-01-12$yBOO
=952  \\$00$10$2ddc$40$6GEN_11_000000000000000$70$8GEN$914456$aORPH$bORPH$cKM12_1$d2021-11-15$oGEN11$p20135028$r2021-01-12 00:00:00$w2021-01-12$yBOO
=999  \\$d14476

