=LDR  00875aam a2200217   4500
=001  14478
=005  20250925143301.0
=008  120103s1983\\\\\\\g\\\\\\\\\\\\\\0\fre\d
=041  \\$afre
=100  \\$aMertens, Franz$4aut$916475
=245  \\$aLe chant : esthetiques et applications techniques
=260  \\$aAntwerp$bMetropolis$c1983
=300  \\$a142 pages
=648  \0$a20th Century (1901-2000)$1http://www.wikidata.org/entity/Q6927$920936
=650  \0$aMethod$1http://www.wikidata.org/entity/Q2250960$921402
=650  \0$aVoice$1http://www.wikidata.org/entity/Q7390$925199
=650  \0$aSinging$1http://www.wikidata.org/entity/Q27939$92767
=651  \0$aAntwerp (Belgium)$1http://www.wikidata.org/entity/Q12892$920974
=942  \\$cBOO
=952  \\$00$10$2ddc$40$6INS_2C$70$8INS$914458$aORPH$bORPH$cKTS0$d2022-01-05$oINS2c$p20126018$r2021-01-12 00:00:00$w2021-01-12$yBOO
=999  \\$d14478

