=LDR  01168aam a2200169   4500
=001  14482
=005  20250120115857.0
=008  180327s\\\\\\\\\\\\\\\\\\\\\\\\\\0\f
=041  \\$af
=100  \\$aCoussemaker, Edmond de$d1805-1876$4aut$97828
=245  \\$aChants populaires des Flamands de France
=260  \\$aGhent$bImprimerie et lithographie de F. et E. Gyselynck$c1976 (origineel 1856)
=300  \\$a419
=520  \\$aIn 1856 werd in Gent het liedboek Chants populaires des Flamands de France uitgegeven met 150 liederen die Edmond de Coussemaker uit Belle eigenhandig had opgetekend in bejaardenhuizen, kantwerkplaatsen, etc. Het bevat liedjes van allerlei slag: kerstliedjes, zedelijke en stichtelijke liederen, drinkliederen, klugtliederen, dansliejdes, minnezangen, kinderliedjes. Muzikanten in Frans-Vlaanderen ontdekten dat hun regio een enorme schat aan volksmuziek herbergde. In de 20e eeuw werden de Chants populaires dé bijbel voor de tientallen revivalgroepen die het daglicht zagen
=942  \\$cBOO
=952  \\$00$10$40$6TOP_FR_0_000000000000000$70$8TOP$914462$aORPH$bORPH$cKTS0$d2021-08-12$oTOP FR 0$p20130628$r2021-01-12 00:00:00$w2021-01-12$yBOO
=999  \\$c14482$d14482

