=LDR  00996aam a2200217   4500
=001  14485
=005  20250120120043.0
=008  161220s1938\\\\\\\\\\\\\\\\\\\\\\0\fre
=041  \\$afre
=100  \\$aLenaerts, René Bernard$d1902-1992$4aut$1http://www.wikidata.org/entity/Q60829919$916484
=245  \\$aLa chapelle de Saint-Marc à Venise sous Adriaen Willaert (1527-1562)
=260  \\$aBrussels$aRome$bInstitut historique belge de Rome$c1938
=300  \\$a255 pages
=561  \\$aEx libris Mgr. René Lenaerts (plate)
=600  10$aWillaert, Adriaan$d1490?-1562$920990
=610  \0$aBasilica di San Marco (Venice, Italy)$1http://www.wikidata.org/entity/Q172988$920989
=648  \0$a16th Century (1501-1600)$1http://www.wikidata.org/entity/Q7017$920944
=650  \0$aMusic history$1http://www.wikidata.org/entity/Q846047$921373
=942  \\$cBOO
=952  \\$00$10$2ddc$40$6BIO_WILL4_E$70$8BIO$914466$aORPH$bORPH$cKTS1_P$d2022-05-12$oBIO WILL4 e$p20131028$r2021-01-12 00:00:00$w2021-01-12$yBOO
=999  \\$d14485

