=LDR  04341aam a2200205   4500
=001  14494
=005  20250120120207.0
=008  110829s2003\\\\\\\\\\\\\\\\\\\\\\0\eng
=020  \\$a9780226104034
=041  \\$aeng
=245  \\$aThe Chicago Manual of Style:$bThe Essential Guide for Writers, Editors, and Publishers
=250  \\$a15th ed.
=260  \\$aChicago, IL$bUniversity of Chicago Press$c2003
=300  \\$a956 pages
=520  \\$aIn the 1890s, a proofreader at the University of Chicago Press prepared a single sheet of typographic fundamentals intended as a guide for the University community. That sheet grew into a pamphlet, and the pamphlet grew into a book?the first edition of the Manual of Style, published in 1906. Now in its fifteenth edition, The Chicago Manual of Style?the essential reference for authors, editors, proofreaders, indexers, copywriters, designers, and publishers in any field?is more comprehensive and easier to use than ever before. 

Those who work with words know how dramatically publishing has changed in the past decade, with technology now informing and influencing every stage of the writing and publishing process. In creating the fifteenth edition of the Manual, Chicago's renowned editorial staff drew on direct experience of these changes, as well as on the recommendations of the Manual's first advisory board, composed of a distinguished group of scholars, authors, and professionals from a wide range of publishing and business environments.

Every aspect of coverage has been examined and brought up to date?from publishing formats to editorial style and method, from documentation of electronic sources to book design and production, and everything in between. In addition to books, the Manual now also treats journals and electronic publications. All chapters are written for the electronic age, with advice on how to prepare and edit manuscripts online, handle copyright and permissions issues raised by technology, use new methods of preparing mathematical copy, and cite electronic and online sources.

A new chapter covers American English grammar and usage, outlining the grammatical structure of English, showing how to put words and phrases together to achieve clarity, and identifying common errors. The two chapters on documentation have been reorganized and updated: the first now describes the two main systems preferred by Chicago, and the second discusses specific elements and subject matter, with examples of both systems. Coverage of design and manufacturing has been streamlined to reflect what writers and editors need to know about current procedures. And, to make it easier to search for information, each numbered paragraph throughout the Manual is now introduced by a descriptive heading.

Clear, concise, and replete with commonsense advice, The Chicago Manual of Style, fifteenth edition, offers the wisdom of a hundred years of editorial practice while including a wealth of new topics and updated perspectives. For anyone who works with words, whether on a page or computer screen, this continues to be the one reference book you simply must have.

What's new in the Fifteenth Edition:

* Updated material throughout to reflect current style, technology, and professional practice

* Scope expanded to include journals and electronic publications

* Comprehensive new chapter on American English grammar and usage by Bryan A. Garner (author of A Dictionary of Modern American Usage)

* Updated and rewritten chapter on preparing mathematical copy

* Reorganized and updated chapters on documentation, including guidance on citing electronic sources

* Streamlined coverage of current design and production processes, with a glossary of key terms

* Descriptive headings on all numbered paragraphs for ease of reference

* New diagrams of the editing and production processes for both books and journals, keyed to chapter discussions

* New, expanded Web site with special tools and features for Manual users at www.chicagomanualofstyle.org.

=650  \0$aLinguistics$1http://www.wikidata.org/entity/Q8162$93902
=650  \0$aPublishing$1http://www.wikidata.org/entity/Q3972943$93049
=942  \\$cBOO
=952  \\$00$10$2ddc$40$6REF_2_000000000000000_CHIC$70$8REF$914475$aORPH$bORPH$cKM12_1$d2021-08-23$oREF2 CHIC$p20131219$r2021-01-12 00:00:00$w2021-01-12$yBOO
=999  \\$d14494

