=LDR  01367aam a2200181   4500
=001  14495
=005  20230123101231.0
=008  120111s2002\\\\\\\\\\\\\\\\\\\\\\0\e
=020  \\$a0192803034
=041  \\$aeng
=100  \\$aAllingham, Michael$4aut$916490
=245  \\$aChoice theory: A very short introduction
=260  \\$aOxford$bOxford university press$c2002
=300  \\$a127
=520  \\$aWe make choices all the time--about how to spend our money, about how to spend our time, about what to do with our lives. And we are also constantly judging the decisions other people make as rational or irrational. But what kind of criteria are we applying when we say that a choice is rational? What guides our own choices, especially in cases where we don't have complete information about the outcomes? What strategies should be applied in making decisions which affect a lot of people, as in the case of government policy?
This book explores what it means to be rational in all these contexts. It introduces ideas from economics, philosophy, and other areas, showing how the theory applies to decisions in everyday life, and to particular situations such as gambling and the allocation of resources.
=942  \\$cBOO
=952  \\$00$10$2ddc$40$6PHI_ALLI_A$70$8PHI$914476$aORPH$bORPH$cKM12_3_2$d2021-08-05$oPHI ALLI a$p20133085$r2021-01-12 00:00:00$w2021-01-12$yBOO
=999  \\$c14495$d14495

