=LDR  00463aam a2200157   4500
=001  14497
=005  20230123101232.0
=008  140428s1970\\\\\\\\\\\\\\\\\\\\\\0\e
=041  \\$aeng
=100  \\$aLyons, John$4aut$916492
=245  \\$aChomsky
=260  \\$aLondon$bFontana$c1970
=300  \\$a120
=942  \\$cBOO
=952  \\$00$10$2ddc$40$6PHI_LYON_A$70$8PHI$914478$aORPH$bORPH$cKM12_3_2$d2021-08-09$oPHI LYON a$p20133407$r2021-01-12 00:00:00$w2021-01-12$yBOO
=999  \\$c14497$d14497

