=LDR  01565aam a2200253   4500
=001  14499
=005  20250821124556.0
=008  120315s1989\\\\\\\g\\\|\\\\\\\\\\0beng\d
=020  \\$a9780521367097
=041  \\$aeng
=100  \\$aEigeldinger, Jean-Jacques$4aut$916494
=245  \\$aChopin pianist and teacher$bas seen by his pupils
=260  \\$aCambridge$bCambridge University Press$c1989
=300  \\$a324 pages
=520  \\$aThe accounts of Chopin's pupils, acquaintances and contemporaries, together with his own writing, provide valuable insights into the musician's pianistic and stylistic practice, his teaching methods and his aesthetic beliefs. This unique collection of documents, edited and annotated by Jean-Jacques Eigeldinger, reveals Chopin as teacher and interpreter of his own music. Included in this study is extensive appendix material that presents annotated scores, and personal accounts of Chopin's playing by pupils, writers, and critics.
=600  \0$aChopin, Frédéric$d1810-1849$1http://www.wikidata.org/entity/Q1268$916495
=648  \0$a19th Century (1801-1900)$1http://www.wikidata.org/entity/Q6955$920935
=650  \0$aInstrumentalist$1http://www.wikidata.org/entity/Q1278335$921706
=650  \0$aPiano$1http://www.wikidata.org/entity/Q5994$92127
=650  \0$aEducation$926206
=651  \0$aParis (France)$1http://www.wikidata.org/entity/Q90$9160
=942  \\$cBOO
=952  \\$00$10$2ddc$40$6BIO_CHOP_E$70$8BIO$914480$aORPH$bORPH$cKTS1_P$d2022-06-08$l1$oBIO CHOP e$p20138947$r2022-06-08 00:00:00$s2021-03-12$w2021-01-12$yBOO
=999  \\$d14499

