=LDR  01844aam a2200193   4500
=001  14503
=005  20250120120044.0
=008  151124s2015\\\\\\\\\\\\\\\\\\\\\\0\e
=020  \\$a9781137437389
=041  \\$aeng
=100  \\$aCvejic, Bojana$4aut$916498
=245  \\$aChoreographing problems: Expressive concepts in European contemporary dance and performance
=260  \\$bPalgrave Macmillan$c2015
=300  \\$a262
=520  \\$aChoreographing Problems: Expressive Concepts in European Contemporary Dance and Performance illuminates the relationship between the philosophy of Gilles Deleuze and experimental dance and performance in the works of leading European choreographers, Xavier Le Roy, Jonathan Burrows, Boris Charmatz, Eszter Salamon, Mette Ingvartsen, Jefta van Dinther, and Jan Ritsema. Combining intricate analysis of seven groundbreaking works, including Self Unfinished by Le Roy (1998) and Weak Dance Strong Questions (2001) by Burrows and Ritsema, with a philosophical discussion of the body, movement and time in performance, as well as the notions of theatricality, affect, improvisation and process, the capacity of choreography to 'express' thought is unravelled. Choreographing problems involves composing ruptures between movement, the body and duration in performance such that they engender a shock upon sensibility, one that inhibits recognition. This book offers a practical insight into the matters of choreography: it allows both the versed and the non-trained spectator to observe in detail how the thought and the practices of making, performing and attending reinvent performance and dance today.
=490  \\$aPerformance Philosophy
=942  \\$cBOO
=952  \\$00$10$2ddc$40$6LIT_CVEJ_A$70$8LIT$914484$aORPH$bORPH$cKM12_2_H$d2021-08-25$g82.00$oLIT CVEJ a$p20134044$r2021-01-12 00:00:00$w2021-01-12$yBOO
=999  \\$c14503$d14503

