=LDR  03564aam a2200229   4500
=001  14504
=005  20250120120611.0
=008  191203s2019\\\\\\\\\\\\\\\\\\\\\\0\eng
=020  \\$a9789188409201
=041  \\$aeng
=100  \\$aThuy, Nguyen Thanh$4aut$916499
=245  \\$aThe Choreography of Gender in Traditional Vietnamese Music
=260  \\$aSweden$bLund University$c2019
=300  \\$a128 pages
=500  \\$aDoctoral Dissertation by due permission of the Faculty of Fine and Performing Arts, Lund University, Sweden. To be defended at Inter Arts Center, Malmö, november 2019
=520  \\$aThis Ph.D. project in artistic research is concerned with the function of gesture in traditional Vietnamese music. Building on gender analysis of musical performance in TV shows, and further on autoethnographic inquiry throughout the artistic projects, the artistic output articulates a critical understanding of these practices. The aims of the project are to investigate the social function and meaning of musical gesture in traditional Vietnamese music, and to develop artistic responses that articulate an individual voice. The research questions that emerge from these conceptual and artistic aims are:
1. What gender conventions can gesture analysis of musical performance unveil?
2. In what ways can music created through the choreographic structuring of movement reveal
and question gender conventions in musical performance?
3. How can my performance, in intercultural and interdisciplinary artistic collaborations,
challenge current gender norms and instigate change in practices of traditional Vietnamese music?
The method and design of this Ph.D. project builds on qualitative analysis of gesture in musical performance, with particular emphasis on employing a gender perspective in this analysis. In the artistic work, analysis of gesture has constituted a point of departure for the creation of a series of intermedia works that seek to develop methods that combine the practices of choreography and musical composition. Intercultural collaboration has provided particular challenges and possibilities in the development of each of these works. The results of the artistic work are published online in The Research Catalogue.
The outcomes of the project outline how gendered gesture is taught in higher music education in Vietnam, and taken together with the historical overview of how nationalism and communism has shaped the country, that this teaching has an immediate relation to nation branding. The teaching of traditional music is equally related to the commercialised views of women as it is grounded in the preservation of tradition. Further, the development of a practice of composing music using gestural-sonorous objects as material became the central artistic method throughout this Ph.D. project. It has offered novel possibilities of approaching gestural materials and creating new choreographies and music based on a critical approach to the image of women in popular media. The results finally suggest that intercultural and inter-disciplinary artistic practice can propose social change, and provide counter images of traditionally gendered behaviour.
=650  \0$aFolk music$1http://www.wikidata.org/entity/Q43343$921594
=650  \0$aGender$1http://www.wikidata.org/entity/P21$921254
=651  \0$aVietnam$1http://www.wikidata.org/entity/Q881$924649
=942  \\$cDIS
=952  \\$00$10$2ddc$40$6MTP_5_000000000000000_THUY$70$8MTP$914485$aORPH$bORPH$cKM12_1$d2021-08-31$oMTP5 THUY$p20131383$r2021-01-12 00:00:00$w2021-01-12$yDIS
=999  \\$d14504

