=LDR  02437aam a2200265   4500
=001  14508
=005  20250925143301.0
=008  131115s2012\\\\\\\\\\\\\\\\\\\\\\0beng\d
=020  \\$a9780252078965
=041  \\$aeng
=245  \\$aChristian Wolff
=260  \\$aUrbana, IL$bUniversity of Illinois Press$c2012
=300  \\$a118 pages
=490  \\$aAmerican Composers$v8
=520  \\$aIn this first interpretive narrative of the life and work of Christian Wolff, Michael Hicks and Christian Asplund trace the influences and sensibilities of a contemporary composer's atypical career path and restless imagination. Written in full cooperation with Wolff, including access to his papers, this volume is a much-needed introduction to a leading avant-garde composer still living, writing music, and speaking about his own work.
 
Wolff has pioneered various compositional and notational idioms, including overtly political music, indeterminacy, graphic scores, and extreme virtuosity. Trained as a classicist rather than a musician, Wolff has never quite had both feet in the rarefied world of contemporary composition. Yet he's considered a "composer's composer," with a mind ensconced equally in ancient Greek tragedy and experimental music and an eccentric and impulsive compositional approach that eludes a fixed stylistic fingerprint.
 
Hicks and Asplund cover Wolff's family life and formative years, his role as a founder of the New York School of composers, and the context of his life and work as part of the John Cage circle, as well as his departures from it. Critically assessing Wolff's place within the experimental musical field, this volume captures both his eloquence and reticence and provides insights into his broad interests and activities within music and beyond.
=600  \0$aWolff, Christian$d1934-$1http://www.wikidata.org/entity/Q658733$98023
=648  \0$a20th Century (1901-2000)$1http://www.wikidata.org/entity/Q6927$920936
=650  \0$aComposer$1http://www.wikidata.org/entity/Q36834$93625
=650  \0$aBiography$1http://www.wikidata.org/entity/Q36279$91927
=651  \0$aUSA$1http://www.wikidata.org/entity/Q30$943
=700  \\$4aut$aHicks, Michael$916502
=700  \\$4aut$aAsplund, Christian$916503
=942  \\$cBOO
=952  \\$00$10$2ddc$40$6BIO_WOLF2_D$70$8BIO$914489$aORPH$bORPH$cKTS1_P$d2022-04-26$g22.00$l1$oBIO WOLF2 d$p20114038$q2021-09-04$r2021-03-10 00:00:00$s2021-03-10$w2021-01-12$yBOO
=999  \\$d14508

