=LDR  01927aam a2200277   4500
=001  14510
=005  20250923161051.0
=008  190819s1839\\\\\\\af\\\\\\\\\\\\\0\eng\d
=041  \\$aeng$hfrm
=100  \\$4aut$aFroissart, Jean$d1337-1405$1http://www.wikidata.org/entity/Q315000$916505
=245  \\$aChronicles of England, France, Spain and the adjoining countries
=260  \\$aLondon$bSmith$c1839
=300  \\$a2 vols. (768+733 pages)$billustrations, coloured frontispiece
=520  \\$aFroissart's CHRONICLES (or CHRONIQUES) was written in French by Jean Froissart, chronicling the years 1322 until 1400, and describing the conditions that created the Hundred Years' War, as well as the first fifty years of the war. For centuries it has been recognized as the chief expression of the chivalric revival of 14th century England
=561  \\$aEx libris Sir Ernest Cable (plate) & Frederick Richard Pickersgill (manuscript)
=590  \\$aTranslated from the french editions, with variations and additions from many celebrated mss. (...) to which are prefixed a life of the author, an essay on hus works, and a criticism on his history
=648  \0$aMiddle Ages (500-1400)$1http://www.wikidata.org/entity/Q12554$920964
=650  \0$aHundred Years' War (1337-1453)$1http://www.wikidata.org/entity/Q12551$923288
=650  \0$aHistory$1http://www.wikidata.org/entity/Q309$921403
=651  \0$aEurope$1http://www.wikidata.org/entity/Q46$991
=700  \\$4trl$4aut$aJohnes, Thomas$916506
=942  \\$cBOO
=952  \\$00$10$2ddc$3vol. I$40$6KTS_1_000000000000000_H_08_017_01$70$8RAR$914491$aORPH$bORPH$cKTS1_H$d2022-01-03$oKTS1 H.08.017_01$p20143731$r2021-01-12 00:00:00$w2021-01-12$yBOO
=952  \\$00$10$2ddc$3vol. II$40$6KTS_1_000000000000000_H_08_017_02$70$8RAR$914492$aORPH$bORPH$cKTS1_H$d2021-01-12$oKTS1 H.08.017_02$p20143732$r2021-01-12 00:00:00$w2021-01-12$yBOO
=999  \\$d14510
=533  \\$aDigitized by iGuana, Spring 2025.

