=LDR  01236aam a2200277   4500
=001  14521
=005  20250120120026.0
=008  130827s1989\\\\\\\\\\\\\\\\\\\\\\0\eng
=020  \\$a9780816616770
=041  \\$aeng$hfre
=100  \\$aDeleuze, Gilles$d1925-1995$4aut$1http://www.wikidata.org/entity/Q184226$915927
=245  \\$aCinema 2: The Time-Image
=250  \\$a9th ed.
=260  \\$aMinneapolis$bUniversity of Minnesota Press$c1989
=300  \\$a344 pages
=490  \\$aCinema$v2
=520  \\$aThis text continues the major reassessment of cinema begun in Deleuze's "Cinema I: The Movement Image." In this volume, Deleuze is concerned with the representation of time in film and with the cinematic treatment of memory, thought and speech.
=534  \\$aOriginally published in 1985
=650  \0$aFilm$1http://www.wikidata.org/entity/Q11424$921409
=650  \0$aPhilosophy$1http://www.wikidata.org/entity/Q5891$92357
=700  \\$4trl$aTomlinson, Hugh$919257
=700  \\$4trl$aGaleta, Robert$921408
=765  \\$aCinéma 2, L'Image-temps
=942  \\$cBOO
=952  \\$00$10$2ddc$40$6PHI_DELE_A$70$8PHI$914502$aORPH$bORPH$cKM12_3_2$d2013-08-25$g0.00$l0$oPHI DELE a$p20136341$r2021-01-12 00:00:00$w2021-01-12$yBOO
=999  \\$c14521$d14521

