=LDR  01962aam a2200217   4500
=001  14522
=005  20251027155252.0
=008  140619s1987\\\\\\\\\\\\\\\\\\\\\\0\fre
=020  \\$a9782246334316
=041  \\$afre
=100  \\$aSerres, Michel$d1930-2019$4aut$1http://www.wikidata.org/entity/Q364456$916516
=245  \\$aLes Cinq sens
=260  \\$aParis$bGrasset$c1987
=300  \\$a381 pages
=520  \\$aLe nouveau corps confie au sport son souffle, son coeur, sa sueur et ne travaille presque plus de force mais sur des codes ; sanitaire et aseptique, rectifié par les remèdes et la prédiction médicale, il repousse la mort de trente ans et l'antique souffrance quasi définitivement ; diététique, grignotant des calories du bout des dents, il absorbe ce que ses pères n'auraient pas reconnu pour nourriture ni pour breuvage ; nu et libre sur les plages mixtes, le nouveau corps sexuel se reproduit peu et artificiellement parfois ; toutes nouveautés contrebalancées par les squelettes ravagés d'épidémies sans recours, se multipliant et mourant par millions vers l'hémisphère Sud, livrés à toutes les horreurs dont nous nous délivrons ; comment ces corps si vite changés en moins d'un demi-siècle habiteraient-ils le même monde, sentiraient-ils par les mêmes sens, logeraient-ils la même âme ou une semblable langue que l'ancienne chair accablée de poids et de nécessités, malade, sale, affamée ou repue, verbeuse, soumise au labeur et non à l'exercice, à la morale plus qu'à la médecine, dont la philosophie de nos pères a parlé ?

=648  \0$a20th Century (1901-2000)$1http://www.wikidata.org/entity/Q6927$920936
=650  \0$aPhilosophy$1http://www.wikidata.org/entity/Q5891$92357
=651  \0$aFrance$1http://www.wikidata.org/entity/Q142$9131
=942  \\$cBOO
=952  \\$00$10$2ddc$40$6PHI_SERR_A$70$8PHI$914503$aORPH$bORPH$cKM12_3_2$d2021-08-18$g21.90$oPHI SERR a$p20133951$r2021-01-12 00:00:00$w2021-01-12$yBOO
=999  \\$d14522

