=LDR  00585aam a2200181   4500
=001  14525
=005  20230123101236.0
=008  110829s1998\\\\\\\\\\\\\\\\\\\\\\0\eng
=020  \\$a9781853779923
=041  \\$aeng
=245  \\$aCiting references : A guide for students
=260  \\$as.l.$bBlackwell$c1998
=300  \\$a28 pages
=700  \\$4aut$aFicher, David$916518
=700  \\$4aut$aHarrison, Terry$916519
=942  \\$cBOO
=952  \\$00$10$2ddc$40$6REF_2_000000000000000_FISH$70$8REF$914506$aORPH$bORPH$cKM12_1$d2021-08-24$oREF2 FISH$p20131147$r2021-01-12 00:00:00$w2021-01-12$yBOO
=999  \\$d14525

