=LDR  01914aam a2200181   4500
=001  14528
=005  20250120120045.0
=008  131023s2012\\\\\\\\\\\\\\\\\\\\\\0\d
=020  \\$a9783829605847
=041  \\$ager
=100  \\$aOldenburg, Claes$4aut$916522
=245  \\$aClaes Oldenburg: The Sixties
=260  \\$aWien$bMumok$c2012
=300  \\$a320
=520  \\$aThis comprehensive monograph explores the conceptual complexity and diversity of Claes Oldenburg's early work to reveal this influential artist's extraordinary inventiveness. Accompanying an exhibition of Oldenburg's seminal early work, this publication examines the breadth of his artistic career from the late 1950s to 1970. It features works including the landmark installations The Street and The Store and their accompanying performances; the highly influential spectacular sculptures of everyday objects as well as drawings and preparatory collages for public projects from the 1960s. The book traces the development of Oldenburg's practice as it follows his work up to the Mouse Museum. Also included in the publication is an extensive chronology, alongside notes as well as a variety of installation views that showcase the careful consideration given to modes of presentation. In addition to imagery of his Pop icons, this richly illustrated book contains an extensive selection of drawings, collages, and magazine and newspaper clippings as well as a wealth of previously unpublished notebook pages, preparatory studies, and photographs taken by the artist. This volume probes diverse aspects of his work to offer fresh perspectives on Oldenburg's artistic development and unprecedented insights into the conceptual process of his artistic explorations.
=942  \\$cBOO
=952  \\$00$10$2ddc$40$6BIO_OLDE_E$70$8BIO$914509$aORPH$bORPH$cKTS1_P$d2021-10-19$g42.00$oBIO OLDE e$p20129946$r2021-01-12 00:00:00$w2021-01-12$yBOO$Vamazon.co.uk
=999  \\$c14528$d14528

