=LDR  01456aam a2200265   4500
=001  14529
=005  20250120120158.0
=008  140606s1920\\\\\\\acf\\\\\\\\\\\\0bger\d
=041  \\$ager
=100  \\$aLitzmann, Berthold$4aut$916523
=245  \\$aClara Schumann:$bEin Künstlerleben: nach Tagebüchern und Briefen$nvols. 1-3
=260  \\$aLeipzig$bBreitkopf & Härtel$c1920
=300  \\$a431+415+624 pages
=561  \\$aEx libris F. Simonon (manuscript)
=600  \0$aSchumann, Clara$d1819-1896$1http://www.wikidata.org/entity/Q132232$915642
=648  \0$a19th Century (1801-1900)$1http://www.wikidata.org/entity/Q6955$920935
=650  \0$aBiography$1http://www.wikidata.org/entity/Q36279$91927
=650  \0$aComposer$1http://www.wikidata.org/entity/Q36834$93625
=650  \0$aPianist$1http://www.wikidata.org/entity/Q486748$92959
=650  \0$aMusic history$1http://www.wikidata.org/entity/Q846047$921373
=942  \\$cBOO
=952  \\$00$10$2ddc$40$6KTS_1_000000000000000_H_10_029_01$70$8RAR$914510$aORPH$bORPH$cKTS1_H$l0$oKTS1 H.10.029_01$p20130079$r2021-01-12 00:00:00$w2021-01-12$yBOO
=952  \\$00$10$2ddc$40$6KTS_1_000000000000000_H_10_029_02$70$8RAR$924998$aORPH$bORPH$cKTS1_H$d2025-01-14$l0$oKTS1 H.10.029_02$p20130080$r2025-01-14 13:44:03$w2021-01-12$yBOO
=952  \\$00$10$2ddc$40$6KTS_1_000000000000000_H_10_029_03$70$8RAR$924999$aORPH$bORPH$cKTS1_H$d2025-01-14$l0$oKTS1 H.10.029_03$p20130081$r2025-01-14 13:44:03$w2021-01-12$yBOO
=999  \\$d14529

