=LDR  01329aam a2200193   4500
=001  14532
=005  20250120120045.0
=008  120322s2000\\\\\\\g\\\\\\\\\\\\\\0\eng\d
=020  \\$a978-0195143997
=041  \\$aeng
=100  \\$aCaplin, William E.$d-1948$4aut$1http://www.wikidata.org/entity/Q8006531$916229
=245  \\$aClassical Form:$bA Theory of Formal Functions for the Instrumental Music of Haydn, Mozart, and Beethoven
=260  \\$aOxford$bOxford University Press$c2000
=300  \\$a307 pages
=520  \\$aBuilding on ideas first advanced by Arnold Schoenberg and later developed by Erwin Ratz, this book introduces a new theory of form for instrumental music in the classical style. The theory provides a broad set of principles and a comprehensive methodology for the analysis of classical form, from individual ideas, phrases, and themes to the large-scale organization of complete movements. It emphasizes the notion of formal function, that is, the specific role a given formal unit plays in the structural organization of a classical work.
=650  \0$aMusical analysis$1http://www.wikidata.org/entity/Q1544924$92775
=942  \\$cBOO
=952  \\$00$10$2ddc$40$6GHM_5_000000000000000$70$8GHM$914513$aORPH$bORPH$cKM12_1$d2021-08-17$g31.89$l1$m3$oGHM5$p20134959$r2022-09-06 00:00:00$s2021-10-27$w2021-01-12$yBOO
=999  \\$d14532

