=LDR  01705aam a2200289   4500
=001  14537
=005  20250925143301.0
=008  131114s1996\\\\\\\\\\\\\\\\\\\\\\0\eng
=020  \\$a9780028645810
=041  \\$aeng
=245  \\$aClassic Essays on Twentieth-Century Music:$bA Continuing Symposium
=260  \\$aNew York$bSchirmer$c1996
=300  \\$a404 pages
=520  \\$aThirty-five essays explore major topics in modern music, including Machine Art, Electronic Art and the Aesthetics of Technology; Perspectives on Composers and Modern Society; Sound Space, and Meaning; Twelve-Tone and Serial Composition; Music Among the Arts; and Jazz and Popular Music. Includes contributions from Ives, Gershwin, Varése, Schoenberg, Babbitt, James Joyce, Amiri Baraka, and more.
=648  \0$1http://www.wikidata.org/entity/Q6927$a20th Century (1901-2000)$920936
=650  \0$1http://www.wikidata.org/entity/Q36834$aComposer$93625
=700  \\$4edt$aKostelanetz, Richard$916527
=700  \\$4edt$916528$aDarby, Joseph
=700  \\$4edt$926302$aSanta, Matthew
=700  \\$1http://www.wikidata.org/entity/Q309648$4aut$aIves, Charles$d1874-1954$915699
=700  \\$1http://www.wikidata.org/entity/Q123829$4aut$aGershwin, George$d1898-1937$924111
=700  \\$1http://www.wikidata.org/entity/Q57247$4aut$aVarèse, Edgard$d1883-1965$917816
=700  \\$1http://www.wikidata.org/entity/Q154770$4aut$aSchoenberg, Arnold$d1874-1951$915986
=700  \\$1http://www.wikidata.org/entity/Q6882$4aut$aJoyce, James$d1882-1941$911904
=942  \\$cBOO
=952  \\$00$10$2ddc$40$6GHM_7_000000000000000$70$8GHM$914519$aORPH$bORPH$cKM12_1$d2022-08-30$g105.00$l0$oGHM7$p20134996$r2021-01-12 00:00:00$w2021-01-12$yBOO
=999  \\$d14537

