=LDR  01532aam a2200193   4500
=001  14538
=005  20230123101238.0
=008  120111s1995\\\\\\\\\\\\\\\\\\\\\\0\e
=020  \\$a0192853856
=041  \\$aeng
=100  \\$4Auteur$aBeard, Mary$916529
=100  \\$4Auteur$aHenderson, John$916530
=245  \\$aClassics: A very short instroduction
=260  \\$aOxford$bOxford university press$c1995
=300  \\$a143
=520  \\$aThis Very Short Introduction to Classics links a haunting temple on a lonely mountainside to the glory of ancient Greece and the grandeur of Rome, and to Classics within modern culture-from Jefferson and Byron to Asterix and Ben-Hur. We are all Classicists - we come into touch with the Classics daily: in our culture, politics, medicine, architecture, language, and literature. What are the true roots of these influences, however, and how do our interpretations of these aspects of the Classics differ from their original reception? This introduction to the Classics begins with a visit to the British Museum to view the frieze which once decorated the Apollo Temple at Bassae. Through these sculptures, John Henderson and Mary Beard prompt us to consider the significance of Classics as a means of discovery and enquiry, its value in terms of literature, philposophy, and culture, and its importance as a source of imagery.
=942  \\$cBOO
=952  \\$00$10$2ddc$40$6LIT_BEAR_A$70$8COLL_UNK$914520$aORPH$bORPH$cLOC_UNK$d2021-08-30$oLIT BEAR a$p20131326$r2021-01-12 00:00:00$w2021-01-12$yBOO
=999  \\$c14538$d14538

