=LDR  00539aam a2200169   4500
=001  14544
=005  20250120120025.0
=008  120919s2009\\\\\\\\\\\\\\\\\\\\\\0\d
=020  \\$a9790003036984
=041  \\$ager
=100  \\$aMahnkopf, Claus-Steffen$4aut$915875
=245  \\$aClaus-Steffen Mahnkopf
=260  \\$aGermany$bMusikverlag Sikorski$c2009
=300  \\$a38
=942  \\$cBOO
=952  \\$00$10$2ddc$40$6BIO_MAHN_C$70$8BIO$914526$aORPH$bORPH$cKTS1_P$d2021-10-19$g100.00$oBIO MAHN c$p20129784$r2021-01-12 00:00:00$w2021-01-12$yBOO
=999  \\$c14544$d14544

