=LDR  01652aam a2200277   4500
=001  14546
=008  131203r19881805-gwh\\\\\\\\\\\\\\0\ger\d
=041  \\$ager
=100  \\$4aut$aGall, Ludwig$d1769-1845$1http://www.wikidata.org/entity/Q104420384$97718
=245  \\$aClavier-Stimmbuch. $bOder deutliche Anweisung wie jeder Musikfreund sein Clavier-Flügel, Fortepiano und Flügel-Fortepiano selbst stimmen, repariren, und bestmöglichst gut erhalten könne
=260  \\$aStraubenhardt$bAntiquariat-Verlag Zimmermann$c1988
=300  \\$a128 pages
=500  \\$aLudwig Gall studied fortepiano with Mozart between 1781 and 1784. Joseph Wachtl was the inventor, together with Jakob F. Bleyer und Martin Seuffert, of the so-called 'Giraffenklavier'.
=534  \\$cVienna: Carl Kupffer 1805
=590  \\$aNebst einer Nachricht von einigen neuerfundenen musikalischen Instrumenten des Herrn Joseph Wachtl
=600  \0$916536$aWachtl, Joseph$dfl. 1801-5
=648  \0$1http://www.wikidata.org/entity/Q6955$a19th Century (1801-1900)$920935
=650  \0$1http://www.wikidata.org/entity/Q2250960$aMethod$921402
=650  \0$1http://www.wikidata.org/entity/Q5994$aPiano$92127
=650  \0$1http://www.wikidata.org/entity/Q858576$aTuning$921655
=650  \0$1http://www.wikidata.org/entity/Q55073971$aTemperament$921656
=650  \0$1http://www.wikidata.org/entity/Q899293$aOrganology$921400
=651  \0$1http://www.wikidata.org/entity/Q1741$aVienna (Austria)$920937
=942  \\$cBOO
=952  \\$00$10$2ddc$40$6INS_3_000000000000000_3C_GALL$70$8INS$914528$aORPH$bORPH$cKTS0$d2023-09-22$l0$oINS3.3c GALL$p20130180$r2021-01-12 00:00:00$w2021-01-12$yBOO
=999  \\$d14546

