=LDR  02174aam a2200181   4500
=001  14550
=005  20230123101243.0
=008  150424s2014\\\\\\\\\\\\\\\\\\\\\\0\eng
=041  \\$aeng
=100  \\$aCamci, Anil$4aut$916540
=245  \\$aThe cognitive continuum of electronic music
=260  \\$aLeiden$bUniversiteit Leiden$c2014
=300  \\$a132 pages
=500  \\$aProefschrift ter verkrijging van de graad van Doctor aan de Universiteit Leiden op gezag van de Rector Magnificus prof. mr. C.J.J.M. Stolker, volgens besluit van het College voor promoties te verdedigen op 3 december 2014.
=520  \\$aFrom The Cognitive Continuum of Electronic Music: "The use of the electronic medium to compose music entails a variety of cognitive idiosyncrasies experienced by both the artist and the audience. Structured around this medium on both practical and conceptual levels, this study utilizes a tripartite methodology involving artistic practice, cognitive experimentation and theoretical discourse to investigate these idiosyncrasies. All three components of this methodology operate concurrently and in intricate mutual relationships with one another (...) The vastly rewarding experience of electronic music is in fact everywhere. It persists throughout our daily lives. Our immediate environments are rich in events that emit sounds that are extremely complex in nature. The ways we cope with this reality constitute a considerable portion of how we experience electronic music. Electronic music harnesses the intricacy of listening we take for granted during our everyday routines and reflects it on us. Through the aforementioned tripartite methodology, I have delineated the cognitive idiosyncrasies of the genre. Conducting this research has significantly expanded my comprehension of the experiential depth of electronic music. It has also affirmed my belief that we have much more to gain from the electronic medium and that the cognitive continuum is one of its most remarkable offerings.
=942  \\$cDIS
=952  \\$00$10$2ddc$40$6MTP_5_000000000000000_CAMC$70$8MTP$914532$aORPH$bORPH$cKM12_1$d2021-08-30$oMTP5 CAMC$p20131347$r2021-01-12 00:00:00$w2021-01-12$yDIS
=999  \\$d14550

