=LDR  02738aam a2200181   4500
=001  14552
=005  20230123101244.0
=008  200828s2010\\\\\\\\\\\\\\\\\\\\\\0\e
=020  \\$a9780816646920
=041  \\$aeng
=100  \\$aCastillo, Greg$4aut$916543
=245  \\$aCold war on the home front: the soft power of midcentury design
=260  \\$aMinneapolis$bUniversity of Minnesota Press$c2010
=300  \\$a278
=520  \\$aAmid a display of sunshine-yellow electric appliances in a model home at the 1959 American National Exhibition in Moscow, Soviet Premier Nikita Khrushchev and U.S. Vice President Richard Nixon squared off on the merits of their respective economic systems. One of the signature events of the cold war, the impromptu Kitchen Debate has been widely viewed as the opening skirmish in a propaganda war over which superpower could provide a better standard of living for its citizens. However, as Greg Castillo shows in Cold War on the Home Front, this debate and the American National Exhibition itself were, in fact, the culmination of a decade-long ideological battle fought with refrigerators, televisions, living room suites, and prefab homes.

The first in-depth history of how domestic environments were exploited to promote the superiority of either capitalism or socialism on both sides of the Iron Curtain, Cold War on the Home Front reveals the tactics used by the American government to seduce citizens of the Soviet bloc with state-of-the-art consumer goods and the reactions of the Communist Party. Beginning in 1950, the U.S. State Department sponsored home expositions in West Berlin that were specifically designed to attract residents of East Berlin, featuring dream homes with modernist furnishings that presented an idealized vision of the lifestyle enjoyed by the consumer-citizen in the West. In response, Party authorities in East Germany staged socialist home expositions intended to evoke the domestic ideal of a cultured proletariat.

Castillo closely follows the course of this escalating rivalry between competing consumer cultures through the 1950s, concluding that the Soviet bloc's inability to make good on the claim that it could emulate goods and living standards offered by the West was a contributing factor in communism's eventual demise. Using a mosaic of sources ranging from recently declassified government documents to homemaking journals and popular fiction, Cold War on the Home Front contributes an engaging new perspective on midcentury modernist style and its political uses at the dawn of the cold war.
=942  \\$cBOO
=952  \\$00$10$2ddc$40$6VIS_CAST$70$8VIS$914534$aORPH$bORPH$cKTS1_H$d2022-09-19$l0$oVIS CAST$p20118277$r2021-01-12 00:00:00$w2021-01-12$yBOO
=999  \\$c14552$d14552

