=LDR  01672aam a2200241   4500
=001  14558
=005  20250925143301.0
=008  120209s1988\\\\\\\\\\\\\\\\\\\\\\0\eng
=020  \\$a1853284205
=041  \\$aeng
=245  \\$aThe Collector's Voice:$bCritical Readings in the Practice of Collecting$nVolume 4$pContemporary Voices
=260  \\$aAldershot$bAshgate$c1988
=300  \\$a235 pages
=505  \\$gGeneral preface -- Introduction / Susan Pearce and Paul Martin -- Talk between men and women -- Consuming voices -- Talking collectibles -- Collecting stores -- Discourses of possibility -- Future voices -- Bibliography -- Index
=520  \\$aThe Collector's Voice is a major four-volume project which brings together in accessible form material relevant to the history and practice of collecting in the European tradition from c. 1500 BC to the present day. The series demonstrates how attitudes to objects, the collecting of objects, and the shape of the museum institution have developed over the past 3000 years. Material presented includes translations of a wide range of original documents: letters, official reports, verse, fiction, travellers' accounts, catalogues and labels.
=648  \0$a20th Century (1901-2000)$1http://www.wikidata.org/entity/Q6927$920936
=650  \0$aCollecting$1http://www.wikidata.org/entity/Q208165$92117
=650  \0$aCuckoo$1http://www.wikidata.org/entity/Q18845$922474
=700  \\$4edt$aPearce, Susan$916551
=700  \\$4edt$aMartin, Paul$916550
=942  \\$cBOO
=952  \\$00$10$2ddc$40$6HUM_PEAR$70$8HUM$914540$aORPH$bORPH$cKM12_1$d2022-01-11$l1$oHUM PEAR$p20134271$r2024-04-23 00:00:00$s2024-01-09$w2021-01-12$yBOO
=999  \\$d14558

