=LDR  00885aam a2200205   4500
=001  14559
=005  20250120120036.0
=008  181217s1959\\\\\\\\\\\\\\\\\\\\\\0\fre
=041  \\$afre
=100  \\$4aut$aClercx-Lejeune, Suzanne$d1910-1985$1http://www.wikidata.org/entity/Q3505928$916176
=245  \\$aL'Ars nova : $brecueil d'études sur la musique du XIVe siècle
=260  \\$aParis$bLes Belles Lettres$c1959
=300  \\$a274 pages
=490  \\$aLes colloques de Wégimont$v2 (I1955)
=648  \0$aMiddle Ages (500-1400)$1http://www.wikidata.org/entity/Q12554$920964
=650  \0$aMusic history$1http://www.wikidata.org/entity/Q846047$921373
=651  \0$aFrance$1http://www.wikidata.org/entity/Q142$9131
=942  \\$cBOO
=952  \\$00$10$2ddc$40$6GHM_3_000000000000000$70$8GHM$914541$aORPH$bORPH$cKM12_1$d2021-11-19$oGHM3$p20134988$r2021-01-12 00:00:00$w2021-01-12$yBOO
=999  \\$c14559$d14559

