=LDR  00845aam a2200193   4500
=001  14560
=005  20250120120036.0
=008  181217s1963\\\\\\\\\\\\\\\\\\\\\\0\fre
=041  \\$afre
=100  \\$4edt$aClercx-Lejeune, Suzanne$d1910-1985$1http://www.wikidata.org/entity/Q3505928$916176
=245  \\$aLe "baroque" musical :$brecueil d'études sur la musique du XVIIe siècle
=260  \\$aParis$bLes Belles Lettres$c1963
=300  \\$a288 pages
=490  \\$aLes colloques de Wégimont$v4 (1957)
=648  \0$a17th Century (1601-1700)$1http://www.wikidata.org/entity/Q7016$920923
=650  \0$aMusic history$1http://www.wikidata.org/entity/Q846047$921373
=942  \\$cBOO
=952  \\$00$10$2ddc$40$6GHM_5_000000000000000$70$8GHM$914543$aORPH$bORPH$cKM12_1$d2022-09-08$l1$oGHM5$p20134950$r2022-10-26 00:00:00$s2022-10-06$w2021-01-12$yBOO
=999  \\$c14560$d14560

