=LDR  00692aam a2200181   4500
=001  14561
=005  20250120120047.0
=008  181217s1956\\\\\\\\\\\\\\\\\\\\\\0\fre
=041  \\$afre
=100  \\$4edt$aCollaer, Paul$d1891-1989$916552
=245  \\$aLes colloques de Wégimont 1954$bCercle international d'études ethno-musicologiques
=260  \\$aBrussels$bElsevier$c1956
=300  \\$a234 pages
=490  \\$aLes colloques de Wégimont
=650  \0$aEthnomusicology$1http://www.wikidata.org/entity/Q208365$920991
=942  \\$cBOO
=952  \\$00$10$2ddc$40$6REF_3_000000000000000_COLL$70$8REF$914544$aORPH$bORPH$cKM12_1$d2021-08-26$oREF3 COLL$p20136757$r2021-01-12 00:00:00$w2021-01-12$yBOO
=999  \\$d14561

