=LDR  00786aam a2200205   4500
=001  14566
=005  20251001162313.0
=008  120215s1993\\\\\\\\\\\\\\\\\\\\\\0\fre
=020  \\$a9782267011661
=041  \\$afre
=100  \\$aNattiez, Jean-Jacques$d1945-$4aut$1http://www.wikidata.org/entity/Q1161507$916330
=245  \\$aLe Combat de Chronos et d'Orphée
=260  \\$aParis$bBourgois$c1993
=300  \\$a242 pages
=336  \\$aprinted
=650  \0$aMusic philosophy and aesthetics$1http://www.wikidata.org/entity/Q2092865$921165
=650  \0$aMythology$1http://www.wikidata.org/entity/Q9134$921600
=942  \\$cBOO
=952  \\$00$10$2ddc$40$6AES_NATT$70$8AES$914549$aORPH$bORPH$cKM12_1$d2022-03-31$l1$oAES NATT$p20138995$r2022-04-07 00:00:00$s2021-03-12$v120.00$w2021-01-12$yBOO
=999  \\$d14566

