=LDR  02362aam a2200193   4500
=001  14569
=005  20250120120047.0
=008  120917s2009\\\\\\\\\\\\\\\\\\\\\\0\eng
=020  \\$a9789081323802
=041  \\$aeng
=245  \\$aCommunicating (by) design.$bProceedings of the colloquium 'Communicating (by) Design' at Sint-Lucas Brussels 2009
=260  \\$aGent$bSintjoris$c2009
=300  \\$a681 pages
=520  \\$aIn the pursuit of a relevant yet flexible foundation for research in the design disciplines, practice-led research has generated a tremendous amount of interest in the recent years. 
A designer's knowledge synthesizes intellectual, creative, experimental and interpretative skills, arguably exceeding the forms of knowledge privileged by, and in, conventional research. The "Communicating (by) Design" conference seeks to investigate developments in the sphere of research by (or through) design. 

While our main concern originates in architecture, other design disciplines are also of interest.

The conference will investigate one of the central challenges for the design-based researcher, namely that of communicating. Communicating here may be understood as a set of processes, activities and events, which take place on different levels in designing - from individual, inner dialogues, through the issue of naming and defining terms to a more general problem of the representation of design knowledge - in order to articulate a set of intentions and values to an audience (which may be oneself).

Exploring aspects of defining, framing and sharing within design, the role of listening will also be raised, as the attitude that constitutes connectivity and allows conversation. The relationship between theory and practice, or "creative" and "critical" modes of inquiry, will also form an important theme of discussion, with a view to drawing the contours of new "hybrid" research practices.

We accordingly welcome different representational forms relating to design-led research - formal, explorative and/or interpretative - reflecting both doing and thinking about designing.

=700  \\$4edt$aJakimowicz, Adam$916559
=700  \\$4edt$aVerbeke, Johan$916560
=942  \\$cBOO
=952  \\$00$10$2ddc$40$6REF_3_000000000000000_JAKI$70$8REF$914552$aORPH$bORPH$cKM12_1$d2021-08-26$oREF3 JAKI$p20134307$r2021-01-12 00:00:00$w2021-01-12$yBOO
=999  \\$d14569

