=LDR  01696aam a2200205   4500
=001  14570
=005  20250120120918.0
=008  120529s2008\\\\\\\g\\\\\\\\\\\\\\0\eng\d
=020  \\$a9780521888295
=041  \\$aeng
=245  \\$aCommunication in Eighteenth-Century Music
=260  \\$aCambridge$bCambridge University Press$c2008
=300  \\$a345 pages
=520  \\$aWritten by ten leading scholars, this 2008 volume assembles studies of eighteenth- and early nineteenth-century music under the broad rubric of communication. That such an impulse motivates musical composition and performance in this period of European musical history is often acknowledged but seldom examined in depth. The book explores a broad set of issues, ranging from the exigencies of the market for books and music in the eighteenth century through to the deployment of dance topoi in musical composition. A number of close readings of individual works by Mozart, Haydn and Beethoven draw on a sophisticated body of historically-appropriate technical resources to illuminate theories of form, metre, bass lines and dance topoi. Students and scholars of music history, theory and analysis will find in this volume a set of challenging, state-of-the-art essays that will stimulate debate about musical meaning and engender further study.
=650  \0$aPerformance$926223
=700  \\$4edt$aMirka, Danuta$1http://www.wikidata.org/entity/Q63348905$916562
=700  \\$4edt$aAgawu, Kofi$1http://www.wikidata.org/entity/Q7926065$916561
=942  \\$cBOO
=952  \\$00$10$2ddc$40$6MTP_2_000000000000000_MIRK$70$8MTP$914553$aORPH$bORPH$cKM12_1$d2022-09-06$g83.19$l0$oMTP2 MIRK$p20139440$r2021-01-12 00:00:00$w2021-01-12$yBOO
=999  \\$d14570

