=LDR  02068aam a2200181   4500
=001  14572
=005  20250120120047.0
=008  111122s1998\\\\\\\\\\\\\\\\\\\\\\0\e
=020  \\$a9781860960864
=041  \\$ae
=100  \\$aTovey, Donald Francis$cSir$d1875-1940$4aut$1http://www.wikidata.org/entity/Q724969$916565
=245  \\$aA companion to Beethoven's piano sonatas: Bar-by-bar analysis
=250  \\$a4
=300  \\$a286
=520  \\$aReview
"'This edition will enable future generations to benefit from the insights of this most distinguished Beethoven scholar.' EPTA Piano Journal Winter 1999 'Tovey's commentary has withstood the test of time and this new edition makes his insights newly available in an attractive format for students, pianists and music lovers in general.' Arietta Spring 2002"

Product Description
Professor Sir Donald Tovey's celebrated "bar-by-bar analysis of Beethoven's 32 Pianoforte Sonatas" remains a key text for pianists, students, scholars and music lovers. Intended as a companion to the Associated Board's Complete Pianoforte Sonatas edition - edited by Harold Craxton but with each work prefaced by Tovey's practical and critical notes - the book contains a succinct and illuminating summary of the author's analytical approach before each sonata is dealt with in detail. This new imprint is prefaced with an introduction by Dr Barry Cooper, Lecturer in the Music Department of Manchester University. Tovey's text is reproduced faithfully; however, Dr Cooper has added footnotes to correct errors of fact or to qualify conclusions drawn by Tovey that the passage of time, since the book was first published in 1931, has suggested might be questionable.. With the re-issue of this book, Tovey's famed insight, commonsense and wit will continue to enlighten and entertain the author's devotees, as well as a new generation of performers and students.
=942  \\$cBOO
=952  \\$00$10$40$6BIO_BEET_E$70$8BIO$914555$aORPH$bORPH$cKTS1_P$d2022-06-24$g26.00$oBIO BEET e$p20130977$r2021-01-12 00:00:00$w2021-01-12$yBOO$Vamazon.com
=999  \\$c14572$d14572

