=LDR  02411aam a2200181   4500
=001  14582
=005  20251010154301.0
=008  150910s2002\\\\\\\\\\\\\\\\\\\\\\0\eng
=041  \\$aeng
=245  \\$aComplexities:$bSocial Studies of Knowledge Practices
=260  \\$aDurham, NC$bDuke University Press$c2002
=300  \\$a295
=520  \\$aAlthough much recent social science and humanities work has been a revolt against simplification, this volume explores the contrast between simplicity and complexity to reveal that this dichotomy, itself, is too simplistic. John Law and Annemarie Mol have gathered a distinguished panel of contributors to offerparticularly within the field of science studiesapproaches to a theory of complexity, and at the same time a theoretical introduction to the topic. Indeed, they examine not only ways of relating to complexity but complexity in practice.
Individual essays study complexity from a variety of perspectives, addressing market behavior, medical interventions, aeronautical design, the governing of supranational states, ecology, roadbuilding, meteorology, the science of complexity itself, and the psychology of childhood trauma. Other topics include complex wholes (holism) in the sciences, moral complexity in seemingly amoral endeavors, and issues relating to the protection of African elephants. With a focus on such concepts as multiplicity, partial connections, and ebbs and flows, the collection includes narratives from Kenya, Great Britain, Papua New Guinea, the Netherlands, France, and the meetings of the European Commission, written by anthropologists, economists, philosophers, psychologists, sociologists, and scholars of science, technology, and society.

Contributors. Andrew Barry, Steven D. Brown, Michel Callon, Chunglin Kwa, John Law, Nick Lee, Annemarie Mol, Marilyn Strathern, Laurent Thévenot, Charis Thompson
About The Author(s)
John Law is Professor of Sociology and Director of the Centre for Science Studies at Lancaster University in England.
Annemarie Mol is Professor of Political Philosophy at Twente University in the Netherlands.
=700  \\$aLaw, Johan$4edt$916582
=700  \\$aMol, Annemarie$1http://www.wikidata.org/entity/Q2851465$4edt$916583
=942  \\$cBOO
=952  \\$00$10$2ddc$40$6PHI_LAW_A$70$8PHI$914565$aORPH$bORPH$cKM12_3_2$d2021-08-11$g17.00$l1$oPHI LAW a$p20130508$r2024-01-09 00:00:00$s2023-11-22$w2021-01-12$yBOO
=999  \\$d14582

