=LDR  01705aam a2200181   4500
=001  14583
=005  20230123101249.0
=008  140522s2009\\\\\\\\\\\\\\\\\\\\\\0\e
=020  \\$a9780195124415
=041  \\$ae
=100  \\$aMitchell, Melanie$4aut$916584
=245  \\$aComplexity: A guided tour
=260  \\$aOxford$bOxford university press$c2009
=300  \\$a349
=520  \\$aWhat enables individually simple insects like ants to act with such precision and purpose as a group? How do trillions of neurons produce something as extraordinarily complex as consciousness? In this remarkably clear and companionable book, leading complex systems scientist Melanie Mitchell provides an intimate tour of the sciences of complexity, a broad set of efforts that seek to explain how large-scale complex, organized, and adaptive behavior can emerge from simple interactions among myriad individuals. Based on her work at the Santa Fe Institute and drawing on its interdisciplinary strategies, Mitchell brings clarity to the workings of complexity across a broad range of biological, technological, and social phenomena, seeking out the general principles or laws that apply to all of them. Richly illustrated, Complexity: A Guided Tour--winner of the 2010 Phi Beta Kappa Book Award in Science--offers a wide-ranging overview of the ideas underlying complex systems science, the current research at the forefront of this field, and the prospects for its contribution to solving some of the most important scientific questions of our time
=942  \\$cBOO
=952  \\$00$10$2ddc$40$6PHI_MITC_A$70$8PHI$914566$aORPH$bORPH$cKM12_3_2$d2021-08-04$g16.79$oPHI MITC a$p20130514$r2021-01-12 00:00:00$w2021-01-12$yBOO
=999  \\$c14583$d14583

