=LDR  01804aam a2200229   4500
=001  14584
=005  20250925143301.0
=008  130523s2012\\\\\\\\\\\\\\\\\\\\\\0\eng
=020  \\$a9781841504568
=041  \\$aeng
=245  \\$aComposed Theatre:$bAesthetics, Practices, Processes
=260  \\$aBristol$bIntellect$c2012
=300  \\$a367 pages
=520  \\$aThis title includes a unique contribution to an emerging field. It combines aspects of theory and practice, process and product. It provides first hand information from some of the key artistic representatives of the field. It includes contributors that span four countries (UK, Germany, Switzerland, Greece) and several of the contributors work creatively or academically in an international arena. 'Composed Theatre' aims to map the field of a form of 'composed theatre', which uses musical strategies of organization in the composition of all theatrical means. This book will provide interviews and discussions with key practitioners as well as scholarly articles on historical and theoretical aspects of composed theatre. While the focus of the book is on the European part of the field, the questions and methodologies are currently being discussed beyond Europe, e.g. in the US, Canada, Australia and New Zealand.
=648  \0$a20th Century (1901-2000)$1http://www.wikidata.org/entity/Q6927$920936
=648  \0$a21st Century (2001-2100)$1http://www.wikidata.org/entity/Q6939$920812
=650  \0$aMusic theater$1http://www.wikidata.org/entity/Q96394452$92065
=700  \\$4edt$aRebstock, Matthias$916585
=700  \\$4edt$aRoesner, David$915791
=942  \\$cBOO
=952  \\$00$10$2ddc$40$6GEN_16_000000000000000$70$8GEN$914567$aORPH$bORPH$cKM12_1$d2021-10-19$g41.98$l1$oGEN16$p20135391$r2023-01-26 00:00:00$s2023-01-17$w2021-01-12$yBOO
=999  \\$d14584

