=LDR  02298aam a2200241   4500
=001  14590
=005  20250925143301.0
=008  131204s2013\\\\\\\\\\\\\\\\\\\\\\0deng
=020  \\$a9781409451648
=041  \\$aeng
=100  \\$aNoble, Alistair$4aut$916590
=245  \\$aComposing Ambiguity:$bThe Early Music of Morton Feldman
=260  \\$aSurrey$bAshgate$c2013
=300  \\$a215 pages
=520  \\$aAmerican composer Morton Feldman is increasingly seen to have been one of the key figures in late-twentieth-century music, with his work exerting a powerful influence into the twenty-first century. At the same time, much about his music remains enigmatic, largely due to long-standing myths about supposedly intuitive or aleatoric working practices. In Composing Ambiguity, Alistair Noble reveals key aspects of Feldman's musical language as it developed during a crucial period in the early 1950s. Drawing models from primary sources, including Feldman's musical sketches, he shows that Feldman worked deliberately within a two-dimensional frame, allowing a focus upon the fundamental materials of sounding pitch in time. Beyond this, Feldman's work is revealed to be essentially concerned with the 12-tone chromatic field, and with the delineation of complexes of simple proportions in 'crystalline' forms. Through close reading of several important works from the early 1950s, Noble shows that there is a remarkable consistency of compositional method, despite the varied experimental notations used by Feldman at this time. Not only are there direct relations to be found between staff-notated works and grid scores, but much of the language developed by Feldman in this period was still in use even in his late works of the 1980s.
=600  \0$aFeldman, Morton$d1926-1987$1http://www.wikidata.org/entity/Q316427$917012
=648  \0$a20th Century (1901-2000)$1http://www.wikidata.org/entity/Q6927$920936
=650  \0$aComposer$1http://www.wikidata.org/entity/Q36834$93625
=650  \0$aMusical analysis$1http://www.wikidata.org/entity/Q1544924$92775
=651  \0$aUSA$1http://www.wikidata.org/entity/Q30$943
=942  \\$cBOO
=952  \\$00$10$2ddc$40$6BIO_FELD_E$70$8BIO$914573$aORPH$bORPH$cKTS1_P$d2021-10-19$eKoopman$g49.50$oBIO FELD e$p20129897$r2021-01-12 00:00:00$w2021-01-12$yBOO
=999  \\$d14590

