=LDR  01286aam a2200181   4500
=001  14591
=005  20251009081720.0
=008  170208s2015\\\\\\\\\\\\\\\\\\\\\\0\e
=020  \\$a9782840667896
=041  \\$aeng
=100  \\$4edt$aBobin, Virginie$916591
=245  \\$aComposing differences: imagining new models for knowledge production and exchange
=260  \\$aNew York$bLes presses du réel$c2015
=300  \\$a227
=520  \\$aComprising a montage of theoretical and speculative texts, conversations, fictions, and documents, this volume explores different tactics of production and intellectual exchange that operate in the interstices between artistic, educational, and political contexts. In so doing, it imagines novel institutional forms at a time when a rhetorical crisis dominates the economic world, and when politics and media are pretexts for a growing privatisation of knowledge. Editor and writer Virginie Bobin thereby presents possible practices for the invention dynamic commons, based on the programme of research and events organised in the context of the ART2 festival (April 2014, New York).
=942  \\$cBOO
=952  \\$00$10$2ddc$40$6PHI_BOBI_A$70$8PHI$914574$aORPH$bORPH$cKM12_3_2$d2021-08-11$oPHI BOBI a$p20133606$r2021-01-12 00:00:00$w2021-01-12$yBOO
=999  \\$c14591$d14591

