=LDR  00840aam a2200169   4500
=001  14593
=005  20230123101251.0
=008  150424s2014\\\\\\\\\\\\\\\\\\\\\\0\e
=041  \\$aeng
=100  \\$aParada, Miguelangel Clerc$4aut$916595
=245  \\$a(De)composing Immersion
=260  \\$aGent$bOrpheus Instituut$c2014
=300  \\$a184 pages
=520  \\$aProefschrift geschreven als gedeeltelijke vervulling van de vereisten voor het doctoraatsprogramma docARTES georganiseerd door het Orpheus Instituut Gent, ism de Universiteit Leiden, de Hogeschool der Kunsten Den Haag, het Conservatorium van Amsterdam, de Katholieke universiteit Leuven en het Lemmensinstituut
=942  \\$cDIS
=952  \\$00$10$2ddc$40$6MTP_5_000000000000000_PARA$70$8MTP$914576$aORPH$bORPH$cKM12_1$d2021-08-31$oMTP5 PARA$p20131374$r2021-01-12 00:00:00$w2021-01-12$yDIS
=999  \\$d14593

