=LDR  01903aam a2200217   4500
=001  14594
=005  20250120120132.0
=008  140509s2014\\\\\\\\\\\\\\\\\\\\\\0\e
=020  \\$a9789058679741
=041  \\$aeng
=100  \\$aCraenen, Paul$4aut$916596
=245  \\$aComposing Under the Skin: The Music-Making Body at the Composer's Desk
=260  \\$aLeuven$bLeuven University Press$c2014
=300  \\$a284 pages
=490  \\$aOrpheus Institute Series$v4
=520  \\$aA revealing study of the physical presence of the musician in musical performance

Fingers slipping over guitar strings, the tap of a bow against the body of a cello, a pianist humming along to the music: contemporary composers often work with parasitic, non-conventional sounds such as these. Are they to be perceived as musical elements or do they shift attention to the physical effort of music-making, contact between a body and an instrument?

Composer Paul Craenen explores ways in which the musicians body is revealed in musical performance. He leads us from Cage, Lachenmann, Kagel and their contemporaries to a discussion of how today's generation of young composers is writing a body paradigm into composition itself. Micro-temporal physical gestures and instrumental timbre provide the key to unveiling the physical presence of both a musician and a composing body.

The author's concept of intercorporeality, along with the idea of an alternating linear and non-linear relationship of the composing body to time, casts new light on the relationship between musicians, composers, and music consumers.
=653  \\$aartistic research
=942  \\$cBOO$2ddc
=952  \\$00$10$2ddc$40$6MTP_2_000000000000000_CRAE$70$8MTP$914577$aORPH$bORPH$cKM12_1$d2021-10-01$g45.00$l1$m2$oMTP2 CRAE$p20135526$r2022-11-22 00:00:00$s2022-01-12$w2021-01-12$yBOO
=999  \\$c14594$d14594
=650  \0$aComposing$1http://www.wikidata.org/entity/Q92186587$93076

