=LDR  03053aam a2200241   4500
=001  14608
=005  20250120120048.0
=008  170315s2015\\\\\\\\\\\\\\\\\\\\\\0\eng
=020  \\$a9789462390843
=041  \\$aeng
=245  \\$aComputational Creativity Research:$bTowards Creative Machines
=260  \\$aParis$bAtlantic Press$c2015
=300  \\$a406 pages
=490  \\$aAtlantis Thinking Machines$v7
=520  \\$aComputational Creativity, Concept Invention, and General Intelligence in their own right all are flourishing research disciplines producing surprising and captivating results that continuously influence and change our view on where the limits of intelligent machines lie, each day pushing the boundaries a bit further. By 2014, all three fields also have left their marks on everyday life  machine-composed music has been performed in concert halls, automated theorem provers are accepted tools in enterprises R&D departments, and cognitive architectures are being integrated in pilot assistance systems for next generation airplanes. Still, although the corresponding aims and goals are clearly similar (as are the common methods and approaches), the developments in each of these areas have happened mostly individually within the respective community and without closer relationships to the goings-on in the other two disciplines. In order to overcome this gap and to provide a common platform for interaction and exchange between the different directions, the International Workshops on Computational Creativity, Concept Invention, and General Intelligence (C3GI) have been started. At ECAI-2012 and IJCAI-2013, the first and second edition of C3GI each gathered researchers from all three fields, presenting recent developments and results from their research and in dialogue and joint debates bridging the disciplinary boundaries. The chapters contained in this book are based on expanded versions of accepted contributions to the workshops and additional selected contributions by renowned researchers in the relevant fields. Individually, they give an account of the state-of-the-art in their respective area, discussing both, theoretical approaches as well as implemented systems. When taken together and looked at from an integrative perspective, the book in its totality offers a starting point for a (re)integration of Computational Creativity, Concept Invention, and General Intelligence, making visible common lines of work and theoretical underpinnings, and pointing at chances and opportunities arising from the interplay of the three fields.
=648  \0$a21st Century (2001-2100)$1http://www.wikidata.org/entity/Q6939$920812
=650  \0$aComputer science$1http://www.wikidata.org/entity/Q21198$92375
=700  \\$4edt$aBesold, Tarek R.$916603
=700  \\$4edt$aSchorlemmer, Marco$916604
=700  \\$4edt$aSmaill, Alan$916605
=942  \\$cBOO
=952  \\$00$10$2ddc$40$6SCI_BESO$70$8SCI$914592$aORPH$bORPH$cKM12_1$d2022-08-12$l1$oSCI BESO$p20116675$q2021-09-04$r2021-03-10 00:00:00$s2021-03-10$w2021-01-12$yBOO
=999  \\$d14608

