=LDR  01901aam a2200193   4500
=001  14613
=005  20250120120048.0
=008  120411s1991\\\\\\\\\\\\\\\\\\\\\\0\f
=020  \\$a9782070326242
=041  \\$afre
=100  \\$4Auteur$aSchlanger, Judith$916609
=100  \\$4Auteur$aStengers, Isabelle$916610
=245  \\$aLes concepts scientifiques: invention et pouvoir
=260  \\$aParis$bGallimard$c1991
=300  \\$a187
=520  \\$aInvention et pouvoir : deux questions qui mettent sous tension le problème de l'activité scientifique aujourd'hui. Invention, diront ceux pour qui cette activité est d'abord productrice de sens, création sans cesse relancée de nouvelles interrogations, de nouvelles possibilités de mise en relation. Pouvoir, répondent ceux qui se demandent par quel hasard cette créativité "inventive" crée des rapports de domination sans cesse plus intenses et plus étendus sur la nature et sur les sociétés humaines. Comment parler de la puissance inventive des sciences sans que cette puissance se mue en justification de son pouvoir? Comment dire à la fois que les sciences "ne respectent pas" les faits et que pourtant elles ne sont pas vouées à la position unilatérale du juge qui, selon Kant, n'apprend pas mais requiert les réponses ? A cette question, aucune "théorie de la connaissance" ne peut répondre, car il s'agit à proprement parler de questions politiques. Mais politiques également sont alors les positions des épistémologues, des scientifiques, des historiens lorsqu'ils traitent de la définition des sciences, de leurs droits et leurs devoirs. Comment apprendre à parler des sciences sans ratifier les prétentions de ceux qui parlent "au nom de la science" ?

=942  \\$cBOO
=952  \\$00$10$2ddc$40$6PHI_STEN_A$70$8PHI$914597$aORPH$bORPH$cKM12_3_2$d2021-08-03$oPHI STEN a$p20132890$r2021-01-12 00:00:00$w2021-01-12$yBOO
=999  \\$c14613$d14613

