=LDR  02013aam a2200277   4500
=001  14620
=005  20250121142131.0
=008  120516s2009\\\\\\\g\\\\\\\\\\\\\\0bdut\d
=020  \\$a9789089310484
=041  \\$adut
=100  \\$aBossuyt, Ignace$4aut$1http://www.wikidata.org/entity/Q2419781$916619
=245  \\$aConcertgebouwcahier: Georg Friedrich Händel
=260  \\$aGhent$bBorgerhoff & Lamberigts$c2009
=300  \\$a134 pages
=490  \\$aConcertgebouwcahiers
=520  \\$aNaar aanleiding van het festival Händel 09 (februari tot april 2009) verscheen een tweede editie van de Concertgebouwcahiers. 
Voor de tweede uitgave in de reeks Concertgebouwcahiers verdiept professor Ignace Bossuyt zich in het leven en werk van Georg Friedrich Händel. Deze biografie rolt een verhelderende leidraad uit voor elke liefhebber van barokmuziek. Ignace Bossuyt knoopt de muzikale ijkpunten van de meester aan elkaar, en dat zijn er heel wat. Met een repertoire van ruim zeshonderd werken laat het veelzijdige leven van de barokcomponist zich niet gemakkelijk samenvatten. Het cahier bevat diepgravende duiding, aangevuld met prachtige illustraties. Deze opvolger van Dans in Québec is een hebbeding voor iedereen met passie voor muziek. (Kristof Lamberigts, Uitgeverij Borgerhoff & Lamberigts)

=600  \0$aHandel, George Frideric$d1685-1759$1http://www.wikidata.org/entity/Q7302$94765
=648  \0$a18th Century (1701-1800)$1http://www.wikidata.org/entity/Q7015$920899
=650  \0$aComposer$1http://www.wikidata.org/entity/Q36834$93625
=651  \0$aHalle (Saale, Germany)$1http://www.wikidata.org/entity/Q2814$921799
=651  \0$aHamburg (Germany)$1http://www.wikidata.org/entity/Q1055$921940
=651  \0$aItaly$1http://www.wikidata.org/entity/Q38$922
=651  \0$aLondon (United Kingdom)$1http://www.wikidata.org/entity/Q84$9123
=942  \\$cBOO
=952  \\$00$10$2ddc$40$6BIO_HAND_D$70$8BIO$914604$aORPH$bORPH$cKTS1_P$d2021-10-19$oBIO HAND d$p20129845$r2021-01-12 00:00:00$w2021-01-12$yBOO
=999  \\$d14620

