=LDR  02190aam a2200229   4500
=001  14626
=005  20250925143301.0
=008  120411s1979\\\\\\\\\\\\\\\\\\\\\\0\fre
=020  \\$a9782707302762
=041  \\$afre
=100  \\$aLyotard, Jean-François$d1924-1998$4aut$916628
=245  \\$aLa condition postmoderne :$brapport sur le savoir
=260  \\$aParis$bLes Éditions de Minuit$c1979
=300  \\$a109 pages
=520  \\$aLa Condition postmoderne : rapport sur le savoir (1979) est un ouvrage de Jean-François Lyotard, qui a popularisé le paradigme esthétique de postmodernisme dans les milieux universitaires. Il s'agit à l'origine d'un « Rapport sur le savoir au XXe siècle », commandé par le gouvernement du Québec[1]. Il considère en particulier à la fois que le progrès scientifique exige, et qu'il est rendu possible, par l'« incrédulité » envers les métarécits, c'est-à-dire des schémas narratifs totalisant et globaux qui visent à expliquer l'intégralité de l'histoire humaine, de l'expérience et de la connaissance. Confrontant le savoir scientifique au savoir narratif, il interroge ces catégories à l'aune des changements induits par l'informatisation de la société à l'ère post-industrielle. Les deux métarécits de la Modernité qui sont remis en cause sont d'un côté celui de l'émancipation du sujet rationnel, de l'autre celui, hégélien, de l'histoire de l'Esprit universel. Or, selon Lyotard, ces grands récits légitimaient le projet des sciences modernes ; après Auschwitz et l'information de la société, ils auraient perdu toute crédibilité, le savoir devenant dès lors une simple « marchandise informationnelle[2] ». Comment, alors, légitimer la science ?


=648  \0$a20th Century (1901-2000)$1http://www.wikidata.org/entity/Q6927$920936
=650  \0$aPhilosophy$1http://www.wikidata.org/entity/Q5891$92357
=650  \0$aPostmodernism$1http://www.wikidata.org/entity/Q47783$923399
=651  \0$aFrance$1http://www.wikidata.org/entity/Q142$9131
=942  \\$cBOO
=952  \\$00$10$2ddc$40$6PHI_LYOT_A$70$8PHI$914610$aORPH$bORPH$cKM12_3_2$d2021-08-17$oPHI LYOT a$p20133840$r2021-01-12 00:00:00$w2021-01-12$yBOO
=999  \\$d14626

