=LDR  01971aam a2200205   4500
=001  14632
=005  20250120120049.0
=008  120622s2012\\\\\\\\\\\\\\\\\\\\\\0\eng
=020  \\$a9789087281670
=041  \\$aeng
=100  \\$aBorgdorff, Henk$4aut$916633
=245  \\$aThe Conflict of the Faculties:$bPerspectives on Artistic Research and Academia
=260  \\$aLeiden$bLeiden University Press$c2012
=300  \\$a277 pages
=520  \\$aThis book is about artistic research: what it is, or what it could be. And it is about the place that artistic research could have in academia, within the whole of academic research.

Artistic research is an endeavour in which the artistic and the academic are connected. In this emerging field of research artistic practices contribute as research to what we know and understand, and academia opens its mind to forms of knowledge and understanding that are entwined with artistic practices.

Henk Borgdorff also addresses how we comment on such issues, and how the things we say cause the practices involved to manifest themselves in specific ways, while also setting them into motion. In this sense, this work not only explores the phenomenon of artistic research in relation to academia, but it also engages with that relationship. This performative dimension of the book is interwoven with its constative and interpretive dimensions. Borgdorff's aim is not only to advance knowledge and understanding of artistic research, but to further the development of this emerging field.
=650  \0$aArtistic research$1http://www.wikidata.org/entity/Q20827087$921804
=942  \\$cBOO
=952  \\$00$10$2ddc$40$6MTP_3_000000000000000_BORG$70$8MTP$914616$aORPH$bORPH$cKM12_1$d2012-05-22$g39.95$l1$oMTP3 BORG$p20134051$r2021-05-03 00:00:00$s2021-03-12$w2021-01-12$yBOO
=952  \\$00$10$2ddc$40$6MTP_3_000000000000000_BORG$70$8MTP$920495$aORPH$bORPH$cKM12_1$d2013-03-05$g37.95$oMTP3 BORG$p20134052$r2021-08-30 00:00:00$w2021-01-12$yBOO
=999  \\$d14632

