=LDR  01593aam a2200181   4500
=001  14636
=005  20250120120049.0
=008  120328s1990\\\\\\\\\\\\\\\\\\\\\\0\e
=020  \\$a9780804718912
=041  \\$aeng
=100  \\$aGiddens, Anthony$4aut$916637
=245  \\$aThe Consequences of modernity
=260  \\$aCalifornia$bStanford university press$c1990
=300  \\$a186
=520  \\$aIn this major theoretical statement, the author offers a new and provoctive interpretation of institutional transformations associated with modernity. What is modernity? The author suggests, ?As a first approximation, let us simply say the following: ?modernity? refers to modes of social life or organization which emerged in Europe from about the seventeenth century onwards and which subsequently became more or less worldwide in their influence.?

We do not as yet, the author argues, live in a post-modern world. The distinctive characteristics of our major social institutions in the closing years of the twentieth century suggest that, rather than entering into a period of post-modernity, we are moving into a period of ?high modernity? in which the consequences of modernity are becoming more radicalized and universalized than before. A post-modern social universe may eventualy come into being, but this as yet lies on the other side of the forms of social and cultural organization that currently dominate world history.


=942  \\$cBOO
=952  \\$00$10$2ddc$40$6PHI_GIDD_A$70$8PHI$914620$aORPH$bORPH$cKM12_3_2$d2021-08-11$oPHI GIDD a$p20133701$r2021-01-12 00:00:00$w2021-01-12$yBOO
=999  \\$c14636$d14636

