=LDR  04164aam a2200457   4500
=001  14637
=005  20250925143301.0
=008  151202s1996\\\\\\\\\\\\\\\\\\\\\\0\fre\d
=020  \\$a9782702016534
=041  \\$afre
=100  \\$4edt$aBongrain, Anne$eEditor$916638
=245  \\$aLe Conservatoire de Paris, 1795-1995 :$bDes Menus-Plaisirs à la Cité de la Musique
=260  \\$aParis$bBuchet$bChastel$c1996
=300  \\$a355 pages
=490  \\$aMusique
=505  \\$gIntroduction : La volonté de créer et de servir / Yves Gérard -- Les premiers exercices publics d'élèves (1800-1815) d'après la presse contemporaine / Jean Mongrédien -- Cherubini directeur du Conservatoire de musique et de déclamation / Anik Devriès-Lesure -- Habeneck et la Société des concerts du Conservatoire : Un destin exemplaire / Élisabeth Delafon-Bernard -- La Bibliothèque du Conservatoire (1795-1819) : Une utopie réalisée ? / Catherine Massip -- Un Cabinet d'instruments pour l'instruction publique : faillite du projet, ouverture du débat / Florence Gétreau -- Musique et art dramatique : Le paradoxe de la formation de l'acteur / Noëlle Guibert -- La Mise en place des premières succursales du Conservatoire / Emmanuel Hondré -- Le Conservatoire royal de musique de Bruxelles : origine et directoriat de François-Joseph Fétis (1833-1871) / Henri Vanhulst -- Gabriel Fauré au Conservatoire de Paris : Une philosophie pour l'enseignement / Jean-Michel Nectoux -- Le Conservatoire et la Schola cantorum : Une rivalité résolue ? / Gail Hilson Woldu -- Claude Delvincourt et les cadets du Conservatoire : Une politique d'orchestre (1943-1954) / Marguerite Sablonnière -- L'Entrée de l'humanisme au Conservatoire / Rémy Stricker -- La Danse au Conservatoire / Marie-Françoise Christout -- L'Apparition de nouvelles techniques de composition et de réalisation / Michel Philippot -- La Formation du compositeur : l'apprentissage de la singularité et les pouvoirs de l'établissement / Pierre-Michel Menger -- Conclusion : Le Conservatoire de Paris : leçons d'une histoire et perspectives / Marc-Olivier Dupin
=600  \0$aCherubini, Luigi$d1760-1842$1http://www.wikidata.org/entity/Q20721$95392
=600  \0$aHabeneck, François-Antoine$d1781-1849$1http://www.wikidata.org/entity/Q957041$927239
=600  \0$aFétis, François-Joseph$d1784-1871$1http://www.wikidata.org/entity/Q523581$95045
=600  \0$aFauré, Gabriel$d1845-1924$1http://www.wikidata.org/entity/Q104919$917990
=610  \0$aConservatoire de Paris (France)$1http://www.wikidata.org/entity/Q463055$920895
=610  \0$aConservatoire royal de musique (Brussels, Belgium)$1http://www.wikidata.org/entity/Q336968$91443
=610  \0$aSchola Cantorum de Paris (France)$1http://www.wikidata.org/entity/Q1407107$940459
=648  \0$a18th Century (1701-1800)$1http://www.wikidata.org/entity/Q7015$920899
=648  \0$a19th Century (1801-1900)$1http://www.wikidata.org/entity/Q6955$920935
=648  \0$a20th Century (1901-2000)$1http://www.wikidata.org/entity/Q6927$920936
=650  \0$aConservatory$1http://www.wikidata.org/entity/Q184644$926197
=650  \0$aMusic history$1http://www.wikidata.org/entity/Q846047$921373
=650  \0$aMusic education$1http://www.wikidata.org/entity/Q27908$921766
=650  \0$aMusic criticism$1http://www.wikidata.org/entity/Q11748889$921598
=650  \0$aConcert$1http://www.wikidata.org/entity/Q182832$921044
=650  \0$aLibrary$1http://www.wikidata.org/entity/Q7075$94229
=650  \0$aActing$1http://www.wikidata.org/entity/Q222749$92807
=650  \0$aDance$1http://www.wikidata.org/entity/Q11639$1http://www.wikidata.org/entity/Q316930$924845
=650  \0$aComposing$1http://www.wikidata.org/entity/Q92186587$1http://www.wikidata.org/entity/Q11895763$93076
=651  \0$aParis (France)$1http://www.wikidata.org/entity/Q90$9160
=700  \\$aBongrain, Anne$4edt$916638
=700  \\$4edt$aGérard, Yves$916639
=942  \\$cBOO
=952  \\$00$10$2ddc$40$6TOP_FR_PAR_5_000000000000000$70$8TOP$914621$aORPH$bORPH$cKTS0$d2015-11-10$g40.00$l1$m4$oTOP FR.PAR 5$p20132453$r2025-06-25 15:33:04$s2021-03-10$w2021-01-12$yBOO
=999  \\$d14637

