=LDR  06973aam a2200733   4500
=001  14638
=005  20250925143301.0
=008  151202s1999\\\\\\\d\\\\\\\\\\\\\\0\fre\d
=020  \\$a9782283017746
=041  \\$afre
=100  \\$4edt$aBongrain, Anne$eEditor$916638
=245  \\$aLe Conservatoire de Paris, 1795-1995 :$bDeux cent ans de pédagogie
=260  \\$aParis$bBuchet$bChastel$c1999
=300  \\$a444 pages
=490  \\$aMusique
=504  \\$aIncludes a bibliography and an index
=505  \\$gIntroduction -- Le Conservatoire et la notion d'"école française" / Laetitia Chassain -- « Le Salon des refusés » / Brigitte François-Sappey -- La méthode de Louis Adam : tradition et avenir de l'école française de piano / Beatriz Montes -- Boieldieu, les frères Jadin, Ladurner : un style de clavier nouveau pour une institution nouvelle / Michelle-Biget Mainfroy -- Louis Diémer : un maître de clavier au Conservatoire / Christiane Becker-Derex -- L'évolution de l'enseignement de l'improvisation à l'orgue du Conservatoire / Odile Jutten -- Pierre Baillot et l'école franco-belge de Violon / Anne Penesco -- La création de la classe d'alto au Conservatoire / Frédéric Lainé -- L'enseignement du violoncelle : les écoles / Philippe Muller -- La musique de chambre au Conservatoire : quelques figures / Roger Delage -- L'enseignement du hautbois aux origines du Conservatoire (1791-1816) : un quart de siècle pour une renaissance / Florence Badol-Bertrand -- La tradition de l'école française de clarinette / Jean-Noël Crocq -- La méthode de chant du Conservatoire de musique de l'an XII (1804) / Jean Nirouet -- La méthode de chant de Jean-Baptiste Faure : italianisme préservé ou début d'un long nationalisme ? / Roland Mancini -- L'effort pour rendre la musique raisonnable / Antoine Hennion -- Le Conservatoire et l'édition musicale : l'activité du Magasin de musique (1794-1814) / Hervé Audéon -- Le Traité d'harmonie de Catel / Gérard Geay -- Théories françaises de l'harmonie et de la tonalité au XIXe siècle / Nicola Méeus -- Les traités de contrepoint en France aux XIXe et XXe siècles : permanence et renouvellement / Coralie Fayolle -- La méthode de cor de Louis-François Dauprat / Michel Garcin-Marrou -- Genèse et transformation des solfèges du Conservatoire / Philippe Lescat -- Le solfège dans la formation musicale / Odette Gartenlaub -- Solfège de « code » ou solfège de « l'entendre » : quelle formation de l'oreille ? / Alain Savouret -- Antoine Reicha et le Conservatoire / Alban Ramaut -- « Tous écoutent la parole du maître » : Gabriel Fauré et ses élèves / Jean-Michel Nectoux -- L'évolution des classes de composition et d'analyse depuis 1968 / Alain Louvier -- Milhaud, Messiaen : maître et maître / Betsy Jolas -- L'image du Conservatoire dans l'Allgemeine musikalische Zeitung de Leipzig à ses débuts / Matthias Brzoska -- Paris-Bruxelles : le cordon ombilical / Arie van Lysebeth -- L'influence du Conservatoire de Paris en Argentine au moment de la création d'une conscience musicale nationale / Julio Fainguersch -- La longue marche des conservatoires / André Lodéon -- Les succursales du Conservatoire ou les jalons d'une relation Paris-Province / Emmanuel Hondré
=600  \0$aAdam, Louis$d1758-1848$1http://www.wikidata.org/entity/Q1349517$96226
=600  \0$aBaillot, Pierre$d1771-1842$1http://www.wikidata.org/entity/Q512197$97802
=600  \0$aCatel, Charles-Simon$d1773-1830$1http://www.wikidata.org/entity/Q661501$96199
=600  \0$aBoieldieu, François-Adrien$d1775-1834$1http://www.wikidata.org/entity/Q109875$95137
=600  \0$aDauprat, Louis-François$d1781-1868$1http://www.wikidata.org/entity/Q56649$940471
=600  \0$aDiémer, Louis$d1843-1919$1http://www.wikidata.org/entity/Q1349196$940470
=600  \0$aFaure, Jean-Baptiste$d1830-1914$1http://www.wikidata.org/entity/Q320464$98740
=600  \0$aFauré, Gabriel$d1845-1924$1http://www.wikidata.org/entity/Q104919$917990
=600  \0$aMilhaud, Darius$d1892-1974$1http://www.wikidata.org/entity/Q186264$98782
=600  \0$aMessiaen, Olivier$d1908-1992$1http://www.wikidata.org/entity/Q151593$95134
=610  \0$aConservatoire de Paris (France)$1http://www.wikidata.org/entity/Q463055$920895
=610  \0$aConservatoire royal de musique (Brussels, Belgium)$1http://www.wikidata.org/entity/Q336968$91443
=648  \0$a18th Century (1701-1800)$1http://www.wikidata.org/entity/Q7015$920899
=648  \0$a19th Century (1801-1900)$1http://www.wikidata.org/entity/Q6955$920935
=648  \0$a20th Century (1901-2000)$1http://www.wikidata.org/entity/Q6927$920936
=650  \0$aConservatory$1http://www.wikidata.org/entity/Q184644$926197
=650  \0$aMusic education$1http://www.wikidata.org/entity/Q27908$921766
=650  \0$aNationalism$1http://www.wikidata.org/entity/Q6235$921454
=650  \0$aMethod$1http://www.wikidata.org/entity/Q2250960$921402
=650  \0$aPiano$1http://www.wikidata.org/entity/Q5994$1http://www.wikidata.org/entity/Q1521313$92127
=650  \0$aOrgan$1http://www.wikidata.org/entity/Q1444$92810
=650  \0$aImprovisation$1http://www.wikidata.org/entity/Q1049625$93640
=650  \0$aViolin$1http://www.wikidata.org/entity/Q8355$92783
=650  \0$aViola$1http://www.wikidata.org/entity/Q80284$921810
=650  \0$aCello$1http://www.wikidata.org/entity/Q8371$92688
=650  \0$aChamber music$1http://www.wikidata.org/entity/Q189201$92105
=650  \0$aOboe$1http://www.wikidata.org/entity/Q8377$91905
=650  \0$aClarinet$1http://www.wikidata.org/entity/Q8343$92937
=650  \0$aSinging$1http://www.wikidata.org/entity/Q27939$92767
=650  \0$aMusic publishing company$1http://www.wikidata.org/entity/Q1917775$927716
=650  \0$aHarmony$1http://www.wikidata.org/entity/Q184421$92358
=650  \0$aTonality$1http://www.wikidata.org/entity/Q192822$923769
=650  \0$aCounterpoint$1http://www.wikidata.org/entity/Q186393$921487
=650  \0$aHorn$1http://www.wikidata.org/entity/Q163759$922458
=650  \0$aSolfège$1http://www.wikidata.org/entity/Q159563$927221
=650  \0$aComposing$1http://www.wikidata.org/entity/Q92186587$1http://www.wikidata.org/entity/Q11895763$93076
=650  \0$aMusic criticism$1http://www.wikidata.org/entity/Q11748889$921598
=651  \0$aParis (France)$1http://www.wikidata.org/entity/Q90$9160
=651  \0$aLeipzig (Germany)$1http://www.wikidata.org/entity/Q2079$945
=651  \0$aBrussels (Belgium)$1http://www.wikidata.org/entity/Q239$937
=651  \0$aArgentina$1http://www.wikidata.org/entity/Q414$922372
=700  \\$4edt$aBongrain, Anne$916638
=700  \\$4edt$aPoirier, Alain$916640
=700  \\$aCoudroy-Saghaï, Marie-Hélène$4edt$917748
=942  \\$cBOO
=952  \\$00$10$2ddc$40$6TOP_FR_PAR_5_000000000000000$70$8TOP$914622$aORPH$bORPH$cKTS0$d2015-11-10$g18.55$l1$m4$oTOP FR.PAR 5$p20132455$r2025-06-30 11:21:32$s2021-03-10$w2021-01-12$yBOO
=999  \\$d14638

