=LDR  02050aam a2200205   4500
=001  14643
=005  20251001162313.0
=008  120119s1986\\\\\\\\\\\\\\\\\\\\\\0\eng
=020  \\$a0674166787
=041  \\$aeng
=100  \\$aKerman, Joseph$4aut$916626
=245  \\$aContemplating Music:$bChallenges to Musicology
=260  \\$aCambridge, MA$bHarvard University Press$c1986
=300  \\$a255 pages
=520  \\$aContemplating Music is a book for all serious music lovers. Here is the first full-scale of ideas and ideologies in music over the past forty years; a period during which virtually every aspect of music was transformed. With this book, Joesph Kerman establishes the place of music study firmly in the mainstream of modern intellectual history. He treats not only the study of the history of Western art music--with which musicology is tradtionally equated--but also sometimes vexed relations between music history and other fields: music theory and analysis, ethnomusicology, and music criticism.

Kerman sees and applauds a change in the study of music toward a critical orientation, As examples, he presents a fascinating vignettes of Bach research in the 1950's and Beethoven studies in the 1960's. He sketched the work of prominent scholars and theorists: Thurston Dart, Charles Rosen, Leonard B. Meyer, Heinrich Schenker, Miltion Babbit, and many others. And he comments on such various subjects as the amazing absorption of Stephen Foster's songs into the cannons of "black" music, the new intensity of Verdi research, controversies about performance on historical instruments, and the merits and demerits of The New Grove Dictionary of Music and Musicians.
=650  \0$aMusic philosophy and aesthetics$1http://www.wikidata.org/entity/Q2092865$921165
=650  \0$aHistorically informed performance$1http://www.wikidata.org/entity/Q1344860$920980
=942  \\$cBOO
=952  \\$00$10$2ddc$40$6AES_KERM$70$8AES$914627$aORPH$bORPH$cKM12_1$d2022-05-24$g30.00$l2$m2$oAES KERM$p20135052$r2023-02-06 00:00:00$s2023-01-10$w2021-01-12$yBOO
=999  \\$d14643

