=LDR  00797aam a2200217   4500
=001  14644
=005  20250120120049.0
=008  190509s1985\\\\\\\\\\\\\\\\\\\\\\0\e
=020  \\$a004920078x
=041  \\$aeng
=100  \\$4Author$aRussell, Bertrand$d1872-1970$1http://www.wikidata.org/entity/Q33760$915730
=100  \\$4Editor$aRempel, Richard A.$916646
=100  \\$4Editor$aBrink, Andrew$916647
=100  \\$4Editor$aMoran, Margaret$916648
=245  \\$aContemplation and action 1902-14
=260  \\$aLondon$bGeorge Allen & Unwin$c1985
=300  \\$a612
=490  \\$aThe collected papers of Bertrand Russell$vVolume 12
=942  \\$cBOO
=952  \\$00$10$2ddc$40$6PHI_RUSS_A$70$8PHI$914628$aORPH$bORPH$cKM12_3_2$d2021-08-09$oPHI RUSS a$p20133356$r2021-01-12 00:00:00$w2021-01-12$yBOO
=999  \\$c14644$d14644

