=LDR  02749aam a2200265   4500
=001  14645
=005  20250925143301.0
=008  111129s2009\\\\\\\\\\\\\\\\\\\\\\0\eng
=020  \\$a9782752100801
=041  \\$aeng
=245  \\$aContemporary Compositional Techniques and Openmusic
=260  \\$aParis$bDelatour$c2009
=300  \\$a283 pages
=490  \\$aCollection Musique / Science
=520  \\$aThe first part of this book contains essay on musical works of Claude Vivier (Lonely Child, 1980), Gérard Grisey (Quatre chants pour franchir le seuil, 1997-1998) and Tristan Murail (Le Lac, 2001) by Bob Gilmore, Jean-Luc Hervé and Rozalie Hirs. The authors provide detailed analyses of these works, focusing on frequency-based techniques and compositional processes employed by the composers.
The second part of the book originated in 'OpenMusic and Contemporary Compositional Techniques', a series of lectures and workshops by Rozalie Hirs and guest professors Tristan Murail, Mikhail Malt, Benjamin Thigpen, Marco Stroppa, and Niels Bogaards at the Conservatorium van Amsterdam during 2005/06 academic year. The series was initiated by the Nieuw Ensemble and its artistic director, Joël Bons, as part of the annual Componistenpracticum, which pairs theory and practice in a way not found anywhere else in the world. The Nieuw Ensemble and conductor Lucas Vis rehearsed and performed new pieces written by an international group of composition students from the Conservatorium van Amsterdam and the Royal Conservatoire in the Netherlands. In turn, the students documented their creative process in the seven essays included in this volume. An extensive essay on Tristan Murail's compositional ideas and frequency-based techniques originated in the lecture series given by Rozalie Hirs.
It provides the most detailed discussion of Murail's work available in English today.
The essays span a broad scope of compositional ideas involving, amongst others, frequency-based techniques, acoustic modeling, set theory and permutational techniques.
=600  \0$aVivier, Claude$d1948-1983$1http://www.wikidata.org/entity/Q650551$923262
=600  \0$aGrisey, Gérard$d1946-1998$1http://www.wikidata.org/entity/Q548149$923263
=600  \0$aMurail, Tristan$d-1947$1http://www.wikidata.org/entity/Q708501$923264
=648  \0$a20th Century (1901-2000)$1http://www.wikidata.org/entity/Q6927$920936
=650  \0$aMusical analysis$1http://www.wikidata.org/entity/Q1544924$92775
=700  \\$4edt$aHirs, Rozalie$916649
=700  \\$4edt$aGilmore, Bob$d1961-2015$916041
=942  \\$cBOO
=952  \\$00$10$2ddc$40$6MTP_2_000000000000000_HIRS$70$8MTP$914629$aORPH$bORPH$cKM12_1$d2021-12-13$g28.00$oMTP2 HIRS$p20135532$r2021-01-12 00:00:00$w2021-01-12$yBOO
=999  \\$d14645

