=LDR  02078aam a2200229   4500
=001  14646
=005  20250925143301.0
=008  130827s2007\\\\\\\\\\\\\\\\\\\\\\0\eng
=020  \\$a9780415553445
=041  \\$aeng
=100  \\$aPavis, Patrice$4aut$916650
=245  \\$aContemporary Mise en Scène:$bStaging Theatre Today
=260  \\$aOxon$bRoutledge$c2007
=300  \\$a358 pages
=520  \\$a"We have good reason to be wary of mise en scène, but that is all the more reason to question this wariness ... it seems that images from a performance come back to haunt us, as if to prolong and transform our experience as spectators, as if to force us to rethink the event, to return to our pleasure or our terror." (Patrice Pavis, from the foreword)

Contemporary Mise en Scène is Patrice Pavis's masterful analysis of the role that staging has played in the creation and practice of theatre throughout history. This stunningly ambitious study considers: the staged reading, at the frontiers of mise en scène; scenography, which sometimes replaces staging; the reinterpretation of classical and contemporary works; the development of intercultural theatre and ritual; new technologies and their usage live on the stage; the postmodern practice of deconstruction. But it also applies sustained critical attention to the challenges of defining mise en scène, of tracking its development, and of exploring its possible futures. Joel Anderson's powerful new translation lucidly realises Paviss investigation of the changing possibilities for stagecraft in the context of performance art, physical theatre and modern theory.
=648  \0$a20th Century (1901-2000)$1http://www.wikidata.org/entity/Q6927$920936
=648  \0$a21st Century (2001-2100)$1http://www.wikidata.org/entity/Q6939$920812
=650  \0$aStaging$1http://www.wikidata.org/entity/Q3508687$922118
=700  \\$4trl$aAnderson, Joel$923331
=942  \\$cBOO
=952  \\$00$10$2ddc$40$6LIT_PAVI_A$70$8LIT$914630$aORPH$bORPH$cKM12_2_H$d2021-08-30$g24.00$oLIT PAVI a$p20131313$r2021-01-12 00:00:00$w2021-01-12$yBOO
=999  \\$d14646

