=LDR  02211aam a2200253   4500
=001  14651
=005  20250820130240.0
=008  120906s2001\\\\-usg\\\\\\\\\\\\\\0\eng\d
=020  \\$a9790520224093
=041  \\$aeng
=245  \\$aThe Contemporary Violin: Extended Performance Techniques
=260  \\$aBerkeley$bUniversity of California Press$c2001
=300  \\$a337 pages
=520  \\$aWritten by a composer and a musician, The Contemporary Violin offers a unique menu of avant-garde musical possibilities 
that both performers and composers will enjoy exploring. Allen and Patricia Strange's comprehensive study critically examines extended performance techniques found in the violin literature of the latter half of the twentieth century. Drawing from both published and private manuscripts, the authors present extended performance options for the acoustic, modified, electric, and MIDI violin, with signal processing and computer-related techniques, and include more than 400 notated examples. 

The authors begin with bowing techniques and proceed systematically through other aspects of string playing, including MIDI technologies. Their correspondence and research with many performers and composers, the book's extensive score and text bibliography, and the discography of more than 130 recordings make The Contemporary Violin a valuable contemporary music reference and guide. An additional benefit is its listing of Internet resources that will keep the reader up to date with recent developments in contemporary performance and composition. First published by UC Press, 2001.
=650  \0$aViolin$1http://www.wikidata.org/entity/Q8355$92783
=650  \0$aVibrato$1http://www.wikidata.org/entity/Q377435$922981
=650  \0$aBowing$1http://www.wikidata.org/entity/Q56275020$923618
=650  \0$aFingering$1http://www.wikidata.org/entity/Q608487$921861
=650  \0$aMethod$1http://www.wikidata.org/entity/Q2250960$921402
=700  \\$aStrange, Allen$d1943-2008$4aut$916656
=700  \\$aStrange, Patricia$4aut$916657
=942  \\$cBOO
=952  \\$00$10$2ddc$40$6INS_4_000000000000000_1A$70$8INS$914635$aORPH$bORPH$cKTS0$d2023-10-31$l0$oINS4.1a$p20130171$r2021-01-12 00:00:00$w2021-01-12$yBOO
=999  \\$d14651

