=LDR  01178aam a2200193   4500
=001  14652
=005  20250120120050.0
=008  120111s2001\\\\\\\\\\\\\\\\\\\\\\0\e
=020  \\$a9780192853592
=041  \\$aeng
=100  \\$aCritchley, Simon$4aut$916658
=245  \\$aContinental philosophy: A very short introduction
=260  \\$aOxford$bOxford university press$c2001
=300  \\$a149
=520  \\$aIn this enlightening new Very Short Introduction, Simon Critchley shows us that Continental philosophy encompasses a distinct set of philosophical traditions and practices, with a compelling range of problems all too often ignored by the analytic tradition. He discusses the ideas and approaches of philosophers such as Kant, Hegel, Nietzsche, Husserl, Heidegger, Sartre, Habermas, Foucault, and Derrida. He also introduces key concepts such as existentialism, nihilism, and phenomonology, by explaining their place in the Continental tradition.
=490  \\$aVery short introductions$v43
=942  \\$cBOO
=952  \\$00$10$2ddc$40$6PHI_0_000000000000000_CRIT$70$8PHI$914636$aORPH$bORPH$cKM12_3_2$d2021-08-18$oPHI0 CRIT$p20134001$r2021-01-12 00:00:00$w2021-01-12$yBOO
=999  \\$c14652$d14652

