=LDR  01957aam a2200241   4500
=001  14655
=005  20250120120050.0
=008  191008s1974\\\\\\\\\\\\\\\\\\\\\\0\ger
=020  \\$a3515019529
=041  \\$ager
=100  \\$4aut$aSachs, Klaus-Jürgen$916664
=245  \\$aDer Contrapunctus im 14. und 15. Jahrhundert:$bUntersuchungen zum Terminus, zur Lehre und zu den Quellen
=260  \\$aWiesbaden$bSteiner$c1974
=300  \\$a234 pages
=490  \\$aBeihefte zum Archiv für Musikwissenschaft$vXIII
=520  \\$aDas moderne Verständnis von "Kontrapunkt" als primär linear konzipierter Mehrstimmigkeit verhuellt Wesen und Bedeutung des fruehen "Contrapunctus" als einer im 14. Jh. neu ausgebildeten, in der Folgezeit sich entfaltenden speziellen Lehre und Praxis der Satztechnik. Sie basiert auf Regeln fuer den zweistimmigen Note-gegen-Note-Satz, die sich des Rangunterschieds zwischen perfekten und imperfekten Konsonanzen bedienen, wird schon in ihren ältesten Zeugnissen mit dem Wort "Contrapunctus" benannt, das hier zu dem der Sache adäquaten Terminus aufrueckt, und greift, besonders im 15. Jh., auf den mehr als zweistimmigen wie auf den diminuierten Satz ueber. Die vorliegende Schrift ist die erste zusammenfassende Darstellung, die diese fuer die Satzlehre der abendländischen Musik entscheidende Epoche auf der Grundlage aller erreichbaren, in Registern nachgewiesenen, dazu typologisch geordneten, Contrapunctus-Traktate aus dem 14./15. Jh. behandelt.
=648  \0$aMiddle Ages (500-1400)$1http://www.wikidata.org/entity/Q12554$920964
=650  \0$aMusic history$1http://www.wikidata.org/entity/Q846047$921373
=650  \0$aMusic theory$1http://www.wikidata.org/entity/Q193544$92662
=650  \0$aCounterpoint$1http://www.wikidata.org/entity/Q186393$921487
=942  \\$cBOO
=952  \\$00$10$2ddc$40$6GHM_4_000000000000000$70$8GHM$914639$aORPH$bORPH$cKM12_1$d2022-09-02$l0$oGHM4$p20134945$r2021-01-12 00:00:00$w2021-01-12$yBOO
=999  \\$d14655

