=LDR  00783aam a2200193   4500
=001  14658
=005  20250120120050.0
=008  140619s2003\\\\\\\\\\\\\\\\\\\\\\0\fre
=020  \\$a9782746501539
=041  \\$afre
=100  \\$aSerres, Michel$d1930-2019$4ive$1http://www.wikidata.org/entity/Q364456$916516
=245  \\$aConversations avec Michel Serres de l'Académie française :$bJules Verne, la science et l'homme contemporain
=260  \\$aParis$bLe pommier$c2003
=300  \\$a206 pages
=700  \\$4ivr$aDekiss, Jean-Paul$916667
=942  \\$cBOO
=952  \\$00$10$2ddc$40$6PHI_SERR_A$70$8PHI$914642$aORPH$bORPH$cKM12_3_2$d2021-08-18$g19.00$oPHI SERR a$p20133933$r2021-01-12 00:00:00$w2021-01-12$yBOO
=999  \\$c14658$d14658
=650  \0$aPhilosophy$1http://www.wikidata.org/entity/Q5891$92357

