=LDR  00843aam a2200181   4500
=001  14659
=005  20250120120050.0
=008  120216s1996\\\\\\\\\\\\\\\\\\\\\\0\e
=020  \\$a057117959780571179596
=041  \\$aeng
=100  \\$aVarga, Bálint András$4aut$916668
=245  \\$aConversations with Iannis Xenakis
=260  \\$aLondon$bFaber & Faber$c1996
=300  \\$a255
=520  \\$aThe music of the Greek-born composer, Iannis Xenakis, has been called brutal and violent. He first studied as an architect, but then turned to composition and put to musical use his knowledge of higher mathematics. In these conversations he talks about his life and music.


=942  \\$cBOO
=952  \\$00$10$2ddc$40$6BIO_XENA_A$70$8BIO$914643$aORPH$bORPH$cKTS1_P$d2022-09-09$g12.00$l0$oBIO XENA a$p20129922$r2021-01-12 00:00:00$w2021-01-12$yBOO
=999  \\$c14659$d14659

