=LDR  00575aam a2200169   4500
=001  14661
=005  20250120120050.0
=008  120228s2005\\\\\\\\\\\\\\\\\\\\\\0\f
=020  \\$a9782718606743
=041  \\$afre
=100  \\$aBaudrillard, Jean$d1929-2007$4aut$1http://www.wikidata.org/entity/Q182847$916670
=245  \\$aCool memories V 2000-2004
=260  \\$aParis$bGalilée$c2005
=300  \\$a147
=942  \\$cBOO
=952  \\$00$10$2ddc$40$6PHI_BAUD_A$70$8PHI$914645$aORPH$bORPH$cKM12_3_2$d2021-08-11$g21.00$oPHI BAUD a$p20133576$r2021-01-12 00:00:00$w2021-01-12$yBOO
=999  \\$c14661$d14661

