=LDR  00532aam a2200169   4500
=001  14662
=005  20250711140404.0
=008  150925s1933\\\\\\\\\\\\\\\\\\\\\\0\f
=041  \\$afre
=100  \\$aPincherle, Marc$d1888-1974$4aut$916671
=245  \\$aCorelli
=260  \\$aParis$bLibrairie Félix Alcan$c1933
=300  \\$a242
=490  \\$aLes maitres de la musique
=942  \\$cBOO
=952  \\$00$10$2ddc$40$6BIO_CORE_D$70$8BIO$914646$aORPH$bORPH$cKTS1_P$d2021-10-19$oBIO CORE d$p20129627$r2021-01-12 00:00:00$w2021-01-12$yBOO
=999  \\$c14662$d14662

