=LDR  01246aam a2200277   4500
=001  14668
=005  20250925143301.0
=008  120111s1987\\\\\\\\\\\\\\\\\\\\\\0\eng
=020  \\$a0028732200
=041  \\$aeng$hger
=100  \\$aSchenker, Heinrich$d1868-1935$4aut$1http://www.wikidata.org/entity/Q531995$916074
=245  \\$aCounterpoint:$bA Translation of Kontrapunkt
=260  \\$aNew York$bSchirmer$c1987
=300  \\$a2 vols. (360+284 pages)
=534  \\$aOriginally published in 1910 and 1922
=648  \0$a20th Century (1901-2000)$1http://www.wikidata.org/entity/Q6927$920936
=650  \0$aCounterpoint$1http://www.wikidata.org/entity/Q186393$921487
=650  \0$aMethod$1http://www.wikidata.org/entity/Q2250960$921402
=651  \0$aGermany$1http://www.wikidata.org/entity/Q183$9155
=700  \\$4trl$4edt$aRothgeb, John$916677
=700  \\$4trl$aThym, Jürgen$916678
=765  \\$aKontrapunkt
=942  \\$cBOO
=952  \\$00$10$2ddc$3Book I$40$6TRE_SCHE$70$8MTP$914652$aORPH$bORPH$cKM12_1$d2021-11-25$g45.00$oTRE SCHE$p20135665$r2021-01-12 00:00:00$w2021-01-12$yBOO
=952  \\$00$10$2ddc$3Book II$40$6TRE_SCHE$70$8MTP$914653$aORPH$bORPH$cKM12_1$d2021-11-25$g45.00$oTRE SCHE$p20135664$r2021-01-12 00:00:00$w2021-01-12$yBOO
=999  \\$d14668

