=LDR  02422aam a2200253   4500
=001  14675
=005  20250820130240.0
=008  120907s2003\\\\\\\\\\\\\\\\\\\\\\0\eng
=020  \\$a9780226065670
=041  \\$aeng
=245  \\$aThe Craft of Research
=250  \\$a2nd ed.
=260  \\$aChicag, IL$bUniversity of Chicago Press$c2003
=300  \\$a329 pages
=520  \\$aThis manual offers practical advice on the fundamentals of research to college and university students in all fields of study. The Craft of Research teaches much more than the mechanics of fact gathering: it explains how to approach a research project as an analytical process. The authors chart every stage of research, from finding a topic and generating research questions about it to marshalling evidence, constructing arguments, and writing everything up in a final report that is a model of authority. Their advice is designed for use by both beginners and seasoned practitioners, and for projects from class papers to dissertations.

This book is organized into four parts. Part One is a spirited introduction to the distinctive nature, values, and protocols of research. Part Two demystifies the art of discovering a topic. It outlines a wide range of sources, among them personal interests and passions. Parts Three and Four cover the essentials of argument?how to make a claim and support it?and ways to outline, draft, revise, rewrite, and polish the final report. Part Three is a short course in the logic, structure, uses, and common pitfalls of argumentation. The writing chapters in Part Four show how to present verbal and visual information effectively and how to shape sentences and paragraphs that communicate with power and precision.

=650  \0$aQualitative research$1http://www.wikidata.org/entity/Q839486$93605
=650  \0$aMethod$1http://www.wikidata.org/entity/Q2250960$921402
=700  \\$4aut$aBooth, Wayne C.$1http://www.wikidata.org/entity/Q200918$924870
=700  \\$4aut$aColomb, Gregory G.$916683
=700  \\$4aut$aWilliams, Joseph M.$916684
=942  \\$cBOO
=952  \\$00$10$2ddc$33rd ed.$40$6REF_2_000000000000000_BOOT$70$8REF$914658$aORPH$bORPH$cKM12_1$d2021-08-23$oREF2 BOOT$p20131215$r2021-01-12 00:00:00$w2021-01-12$yBOO
=952  \\$00$10$2ddc$32nd ed.$40$6REF_2_000000000000000_BOOT$70$8REF$914659$aORPH$bORPH$cKM12_1$d2021-08-23$g30.00$oREF2 BOOT$p20131214$r2021-01-12 00:00:00$w2021-01-12$yBOO
=999  \\$d14675

