=LDR  01822aam a2200193   4500
=001  14676
=005  20250120120024.0
=008  120628s2008\\\\\\\\\\\\\\\\\\\\\\0\eng\d
=020  \\$a9780713998733
=041  \\$aeng
=100  \\$aSennett, Richard$d-1943$4aut$1http://www.wikidata.org/entity/Q450412$915874
=245  \\$aThe Craftsman
=260  \\$aLondon$bPenguin$c2008
=300  \\$a326 pages
=520  \\$aWhy do people work hard, and take pride in what they do? This book, a philosophically-minded enquiry into practical activity of many different kinds past and present, is about what happens when people try to do a good job. It asks us to think about the true meaning of skill in the 'skills society' and argues that pure competition is a poor way to achieve quality work. Sennett suggests, instead, that there is a craftsman in every human being, which can sometimes be enormously motivating and inspiring - and can also in other circumstances make individuals obsessive and frustrated."The Craftsman" shows how history has drawn fault-lines between craftsman and artist, maker and user, technique and expression, practice and theory, and that individuals' pride in their work, as well as modern society in general, suffers from these historical divisions. But the past lives of crafts and craftsmen show us ways of working (using tools, acquiring skills, thinking about materials) which provide rewarding alternative ways for people to utilise their talents. We need to recognise this if motivations are to be understood and lives made as fulfilling as possible.
=650  \0$aPhilosophy$1http://www.wikidata.org/entity/Q5891$92357
=942  \\$cBOO
=952  \\$00$10$2ddc$40$6PHI_SENN_A$70$8PHI$914660$aORPH$bORPH$cKM12_3_2$d2021-12-08$l1$m3$oPHI SENN a$p20131964$r2022-11-22 00:00:00$s2021-03-10$w2021-01-12$yBOO
=999  \\$d14676

