=LDR  01899aam a2200181   4500
=001  14679
=005  20251001162234.0
=008  120705s1948\\\\\\\\\\\\\\\\\\\\\\0\eng
=041  \\$aeng
=100  \\$aBowra, C. M.$4aut$916686
=245  \\$aThe Creative Experiment
=260  \\$aNew York$bGrove Press$c1948
=300  \\$a255 pages
=520  \\$aThis book is a kind of sequel to The Heritage of Symbolism 
published in 1943, and attempts to sketch some main figures 
and characteristics of the poetry which succeeded that of the 
post-Symbolists and has played an important part in Europe 
since 1910. I have, however, adopted a somewhat different 
method, and discussed, not the complete careers of poets, but 
what seem to be their most significant works or phases, in 
the hope that this will make clearer the problems and aims 
of this movement. As before, I have been inconsistent in 
my presentation of texts written in foreign languages. I have 
assumed that few readers will ask for quotations in Modern 
Greek and Russian, and have given these only in English 
translations, but that most will know French and be able to 
manage Spanish with literal versions to help them. I am 
indebted to the kindness of friends who have helped me, 
especially to Dr. S. Rachmilevitsch, Mr. I. Berlin, Mr. 
A. E. Sloman, Miss Helen Gardner, and Professor R. M. 
Dawkins; to Professor J. Mavrogordato for allowing me to 
use some of his forthcoming translations of Cavafy; to Mr. 
J. M. Cohen for similar help with Alberti; and to Mr. Herbert 
Marshall and the Pilot Press Ltd. for permission to quote 
from his Mayakovsky and his Poetry.

C. M. BOWRA

OXFORD 
February 1948
=650  \0$aAesthetics$1http://www.wikidata.org/entity/Q35986$921494
=942  \\$cBOO
=952  \\$00$10$2ddc$40$6LIT_BOWR_A$70$8LIT$914663$aORPH$bORPH$cKM12_2_H$d2021-08-30$oLIT BOWR a$p20131320$r2021-01-12 00:00:00$w2021-01-12$yBOO
=999  \\$d14679

