=LDR  01070aam a2200241   4500
=001  14687
=005  20250120120158.0
=008  140626s1912\\\\\\\\\\\\\\\\\\\\\\0bfre
=041  \\$afre
=100  \\$aBoschot, Adolphe$d1871-1955$4aut$1http://www.wikidata.org/entity/Q2824781$916693
=245  \\$aLe Crépuscule d'un romantique : $bHector Berlioz
=260  \\$aParis$bPlon$c1912
=300  \\$a710 pages
=534  \\$aOriginally published in 1869
=600  \0$aBerlioz, Hector$d1803-1869$1http://www.wikidata.org/entity/Q1151$99542
=648  \0$a19th Century (1801-1900)$1http://www.wikidata.org/entity/Q6955$920935
=650  \0$aComposer$1http://www.wikidata.org/entity/Q36834$93625
=650  \0$aBiography$1http://www.wikidata.org/entity/Q36279$91927
=650  \0$aRomanticism$1http://www.wikidata.org/entity/Q37068$921719
=651  \0$aFrance$1http://www.wikidata.org/entity/Q142$9131
=942  \\$cBOO
=952  \\$00$10$2ddc$40$6BIO_BERL_D$70$8BIO$914671$aORPH$bORPH$cKTS1_P$d2021-11-23$l1$oBIO BERL d$p20130215$r2022-02-08 00:00:00$s2022-02-03$w2021-01-12$yBOO
=999  \\$d14687

