=LDR  02136aam a2200229   4500
=001  14689
=005  20250120120004.0
=008  190521s2005\\\\\\\\\\\\\\\\\\\\\\0\eng
=020  \\$a9780415975124
=041  \\$aeng
=100  \\$aWegman, Rob C.$4aut$915429
=245  \\$aThe Crisis of Music in Early Modern Europe 1470-1530
=260  \\$aNew York$bRoutledge, Taylor and Francis$c2005
=300  \\$a253 pages
=520  \\$aIn the final decades of the fifteenth century, the European musical world was shaken to its foundations by the onset of a veritable culture war. At a time when composers like Obrecht, Isaac, and Josquin were bringing the craft of composition to new heights of artistic excellence, critics began to insist that art polyphony was useless, wasteful, immoral, decadent, and effeminizing. They campaigned aggressively to popularize those criticisms, challenging old certainties about music, and threatening its position in contemporary church and society. Their most effective slogans became critical commonplaces, ideas that left their mark in the writings of figures as diverse as Leonardo, Erasmus, Savonarola, Castiglione, and others. Yet defenders of polyphony struck back with a vicious counter-offensive, and for several decades music would remain a topic of bitter controversy. When the crisis had finally passed, in the 1530s, nothing would ever be the same again. The Crisis of Music in Early Modern Europe tells the story of this cultural upheaval, drawing on a wide range of little-known texts and documents, and weaving them together in a narrative that takes the reader on an eventful musical journey through early-modern Europe.
=648  \0$a15th Century (1401-1500)$1http://www.wikidata.org/entity/Q7018$921015
=648  \0$a16th Century (1501-1600)$1http://www.wikidata.org/entity/Q7017$920944
=650  \0$aMusic history$1http://www.wikidata.org/entity/Q846047$921373
=651  \0$aEurope$1http://www.wikidata.org/entity/Q46$991
=942  \\$cBOO
=952  \\$00$10$2ddc$40$6GHM_4_000000000000000$70$8GHM$914673$aORPH$bORPH$cKM12_1$d2022-01-05$oGHM4$p20134943$r2021-01-12 00:00:00$w2021-01-12$yBOO
=999  \\$d14689

