=LDR  02230aam a2200289   4500
=001  14694
=005  20250121142131.0
=008  190506s1975\\\\\\\\\\\\\\\\\\\\\\0\eng
=020  \\$a004193007x
=041  \\$aeng
=100  \\$aRussell, Bertrand$d1872-1970$4aut$1http://www.wikidata.org/entity/Q33760$915730
=245  \\$aA Critical Exposition of the Philosophy of Leibniz
=250  \\$a8th ed.
=260  \\$aLondon$bAllen & Unwin$c1975
=300  \\$a311 pages
=520  \\$aThe writings of German mathematician and philosopher Gotffried Wilhelm Leibniz (1646-1716) have had an incalculable impact on modern science and technology, from physics and computers to law and psychology. But not everyone is a fervent fan. At the turn of the 20th century, the great British thinker Bertrand Russell uncovered what he believed was the hypocritical secret to Leibniz's philosophy: a hidden devotion to a logic he did not reveal in his writings. Here, Russell explores Leibniz's work from this perspective, examining the premises of Leibniz's work, the questions raised by his arguments, the validity of Leibniz's proofs, problems with his "philosophy of matter," and much more. First published in 1900, this is a replica of the 1937 second edition, and is complete with the original, extensive appendix of relevant extracts from Leibniz's work, essential for understanding Russell's critique.
=534  \\$aThis (2nd) edition was originally published in 1937, with the first edition published in 1900
=590  \\$aWith an Appendix of Leading Passages
=600  \0$aLeibniz, Gottfried Wilhelm$d1646-1716$1http://www.wikidata.org/entity/Q9047$97732
=648  \0$a17th Century (1601-1700)$1http://www.wikidata.org/entity/Q7016$920923
=648  \0$a18th Century (1701-1800)$1http://www.wikidata.org/entity/Q7015$920899
=648  \0$a19th Century (1801-1900)$1http://www.wikidata.org/entity/Q6955$920935
=650  \0$aPhilosophy$1http://www.wikidata.org/entity/Q5891$92357
=651  \0$aGermany$1http://www.wikidata.org/entity/Q183$9155
=942  \\$cBOO
=952  \\$00$10$2ddc$40$6PHI_LEIB_B_RUSS$70$8PHI$914678$aORPH$bORPH$cKM12_3_2$d2021-08-11$l2$m2$oPHI LEIB b RUSS$p20133795$r2023-11-22 00:00:00$s2023-09-05$w2021-01-12$yBOO
=999  \\$d14694

