=LDR  01553aam a2200193   4500
=001  14696
=005  20250120120050.0
=008  120904s2005\\\\\\\\\\\\\\\\\\\\\\0\eng
=020  \\$a9781403996855
=041  \\$aeng
=100  \\$aCottrell, Stella$4aut$916698
=245  \\$aCritical thinking skills: Developing effective analysis and argument
=260  \\$aNew York$bPalgrave Macmillan$c2005
=300  \\$a250 pages
=490  \\$aPalgrave study guides
=520  \\$aThe second edition of this leading guide helps students to develop reflective thinking skills, improve their critical analysis and construct arguments more effectively. Written by Stella Cottrell, leader in the field with over 1/2 million book sales to date, this text breaks down a complex subject into easily understood blocks, providing easy-to-follow, step-by-step explanations and practice activities to develop understanding and practise your skills at each stage. Essential for students who are mystified by tutor comments such as 'more critical analysis needed', this is an invaluable tool for anyone wishing to develop advanced skills in this area and learn to apply them to tasks such as reading, writing and note-taking. 
 
Now in two-colour, this edition has been fully revised and contains a brand new chapter on 'Critical Reflection' along with additional material on essays and referencing.
=942  \\$cBOO
=952  \\$00$10$2ddc$40$6REF_2_000000000000000_COTT$70$8REF$914680$aORPH$bORPH$cKM12_1$d2021-08-23$g12.00$oREF2 COTT$p20131225$r2021-01-12 00:00:00$w2021-01-12$yBOO
=999  \\$d14696

