=LDR  00532aam a2200145   4500
=001  14703
=005  20230123102216.0
=008  150521s1976\\\\\\\\\\\\\\\\\\\\\\0\e
=041  \\$aeng
=100  \\$aGould, Kingdon$4aut$916706
=245  \\$aC.S. Peirce bicentennial international congress: June 16-20, 1976
=260  \\$aAmsterdam$bUniversiteit Amsterdam$c1976
=942  \\$cBOO
=952  \\$00$10$2ddc$40$6PHI_PEIR_B_GOUL$70$8PHI$914687$aORPH$bORPH$cKM12_3_2$d2021-08-17$oPHI PEIR b GOUL$p20133888$r2021-01-12 00:00:00$w2021-01-12$yBOO
=999  \\$c14703$d14703

