=LDR  01214aam a2200181   4500
=001  14704
=005  20250120120051.0
=008  120223s1993\\\\\\\\\\\\\\\\\\\\\\0\e
=020  \\$a9780745613239
=041  \\$aeng
=100  \\$aChartier, Roger$4aut$916707
=245  \\$aCultural history
=260  \\$aNew York$bPolity Press$c1993
=300  \\$a209
=520  \\$aChartier examines various approaches to the history of cultural forms, including the work of the Annales tradition, the contributions of Foucault and Elias, and the more recent writings of Robert Darnton, Carlo Ginzburg and others. The second part of the volume offers a series of case studies. Chartier explores, among other things, the cultural significance of symbolic role reversals, the representations of peasant reading practices in the Age of Enlightenment, and the role of intellectuals in the universities and labour markets of early modern Europe. Through these case studies Chartier elaborates the elements of a highly original approach to the history of cultural forms.


=942  \\$cBOO
=952  \\$00$10$2ddc$40$6PHI_CHAR_A$70$8PHI$914688$aORPH$bORPH$cKM12_3_2$d2021-08-09$oPHI CHAR a$p20133409$r2021-01-12 00:00:00$w2021-01-12$yBOO
=999  \\$c14704$d14704

