=LDR  00970aam a2200181   4500
=001  14706
=005  20230123102217.0
=008  120913s1996\\\\\\\\\\\\\\\\\\\\\\0\e
=020  \\$a9780674179561
=041  \\$aeng
=100  \\$aCole, Michael$4aut$916710
=245  \\$aCultural psychology: A once and future discipline
=260  \\$aCambridge, Massachusetts$bThe Belknap Press of Harvard University Press$c1996
=300  \\$a400
=520  \\$aThe distinguished psychologist Michael Cole, known for his pioneering work in literacy, cognition, and human development, offers a multifaceted account of what cultural psychology is, what it has been, and what it can be. A rare synthesis of the theory and empirical work shaping the field, this book will become a major foundation for the emerging discipline.
=942  \\$cBOO
=952  \\$00$10$2ddc$40$6PHI_COLE_A$70$8PHI$914690$aORPH$bORPH$cKM12_3_2$d2021-08-11$oPHI COLE a$p20133633$r2021-01-12 00:00:00$w2021-01-12$yBOO
=999  \\$c14706$d14706

