=LDR  01255aam a2200181   4500
=001  14707
=005  20230123102217.0
=008  170421s2008\\\\\\\\\\\\\\\\\\\\\\0\e
=020  \\$a9781405124430
=041  \\$aeng
=100  \\$aLindholm, Charles$4aut$916711
=245  \\$aCulture and authenticity
=260  \\$aOxford$bBlackwell publishing$c2008
=300  \\$a176
=520  \\$aAuthenticity is taken-for-granted as an absolute value in contemporary life. In Culture and Authenticity, Charles Lindholm calls upon anthropological case studies from different cultures, historical material, and comparative philosophy, to explore how notions of authenticity develop, what forms it takes, and how it changes over time. 

- Examines the idea of authenticity and its role in modern culture
- Explores societys preoccupation with authenticity and the search for real experiences
- Looks at how the concept of authenticity intersects with questions about religion, ethnicity, and race
- Investigates authenticity in the context of fields such as dance, cuisine, travel, and the modern marketplace
=942  \\$cBOO
=952  \\$00$10$2ddc$40$6PHI_LIND_A$70$8PHI$914691$aORPH$bORPH$cKM12_3_2$d2021-08-11$oPHI LIND a$p20133826$r2021-01-12 00:00:00$w2021-01-12$yBOO
=999  \\$c14707$d14707

