=LDR  00862aam a2200181   4500
=001  14708
=005  20230123112037.0
=008  120209s1998\\\\\\\\\\\\\\\\\\\\\\0\fre
=020  \\$a9789287133359
=041  \\$afre
=100  \\$4edt$aVitale, Marie-Claire$922105
=245  \\$aLa culture au coeur: Contribution au débat sur la culture et le développement en Europe
=260  \\$aStrasbourg$bEditions du conseil de l'Europe$c1998
=300  \\$a422 pages
=520  \\$aCe livre aborde différentes questions comme celles d'un rapprochement culturel global entre les hommes, de la mobilisation des ressources humaines au travers de la culture ou du travail et de la vie dans une société de l'information.


=942  \\$cBOO
=952  \\$00$10$2ddc$40$6AES_VITA$70$8AES$914692$aORPH$bORPH$cKM12_1$d2021-08-30$oAES VITA$p20134312$r2021-01-12 00:00:00$w2021-01-12$yBOO
=999  \\$d14708

