=LDR  01533aam a2200193   4500
=001  14709
=005  20250120120015.0
=008  130711s1991\\\\\\\\\\\\\\\\\\\\\\0\e
=020  \\$a9780415058315
=041  \\$aeng
=100  \\$4aut$aAdorno, Theodor W.$d1903-1969$1http://www.wikidata.org/entity/Q152388$915795
=100  \\$4Editor$aBernstein, J.$916713
=245  \\$aThe Culture Industry: Selected Essays on Mass Culture (Routledge Classics)
=260  \\$aLondon$bRoutledge$c1991
=300  \\$a178
=520  \\$aThe creation of the Frankfurt School of critical theory in the 1920s saw the birth of some of the most exciting and challenging writings of the twentieth century. It is out of this background that the great critic Theodor Adorno emerged. His finest essays are collected here, offering the reader unparalleled insights into Adorno's thoughts on culture. He argued that the culture industry commodified and standardized all art. In turn this suffocated individuality and destroyed critical thinking. At the time, Adorno was accused of everything from overreaction to deranged hysteria by his many detractors. In today's world, where even the least cynical of consumers is aware of the influence of the media, Adorno's work takes on a more immediate significance. The Culture Industry is an unrivalled indictment of the banality of mass culture.
=942  \\$cBOO
=952  \\$00$10$2ddc$40$6PHI_ADOR_A$70$8PHI$914693$aORPH$bORPH$cKM12_3_2$d2021-08-05$g1088.00$oPHI ADOR a$p20133073$r2021-01-12 00:00:00$w2021-01-12$yBOO
=999  \\$c14709$d14709

