=LDR  02214aam a2200241   4500
=001  14711
=005  20250906121749.0
=008  170602s2017\\\\\\\d\\\\\\\\\\\\\\0\eng\d
=020  \\$a9781138222984
=041  \\$aeng
=245  \\$aCultures of Prediction in Atmospheric and Climate Science:$bEpistemic and Cultural Shifts in Computer-based Modelling and Simulation
=260  \\$aLondon$aNew York, NY$bRoutledge$c2017
=300  \\$a256 pages
=490  \\$aRoutledge Environmental Humanities Series
=520  \\$aIn recent decades, science has experienced a revolutionary shift. The development and extensive application of computer modelling and simulation has transformed the knowledgemaking practices of scientific fields as diverse as astrophysics, genetics, robotics and demography. This epistemic transformation has brought with it a simultaneous heightening of political relevance and a renewal of international policy agendas, raising crucial questions about the nature and application of simulation knowledges throughout public policy.

Through a diverse range of case studies, spanning over a century of theoretical and practical developments in the atmospheric and environmental sciences, this book argues that computer modelling and simulation have substantially changed scientific and cultural practices and shaped the emergence of novel cultures of prediction.

Making an innovative, interdisciplinary contribution to understanding the impact of computer modelling on research practice, institutional configurations and broader cultures, this volume will be essential reading for anyone interested in the past, present and future of climate change and the environmental sciences.
=650  \0$aScience$1http://www.wikidata.org/entity/Q7991$921650
=650  \0$aComputer science$1http://www.wikidata.org/entity/Q21198$92375
=700  \\$aHeymann, Matthias$4edt$916715
=700  \\$aGramelsberger, Gabriele$1http://www.wikidata.org/entity/Q105308277$4edt$916716
=700  \\$aMahony, Martin$4edt$916717
=942  \\$cBOO
=952  \\$00$10$2ddc$40$6SCI_HEYM$70$8SCI$914695$aORPH$bORPH$cKM12_1$d2017-05-02$g111.30$l1$oSCI HEYM$p20132359$r2024-12-17 12:23:39$s2021-03-10$w2021-01-12$yBOO$Vamazon.co.uk
=999  \\$d14711

