=LDR  00748aam a2200169   4500
=001  14712
=005  20230123102218.0
=008  161205s2015\\\\\\\\\\\\\\\\\\\\\\0\eng
=041  \\$aeng
=100  \\$aPauw, Esther Marié$4aut$916718
=245  \\$aCurating South African flute compositions: landscape as theme of exhibition
=260  \\$aSouth Africa$bStellenbosch University$c2015
=300  \\$a328 pages
=520  \\$aDissertation presented for the Degree of Doctor of Philosophy in Department of Music, Faculty of Arts and Social Sciences, Stellenbosch University.
=942  \\$cDIS
=952  \\$00$10$2ddc$3DVD : 3$40$6MTP_5_000000000000000_PAUW$70$8MTP$914696$aORPH$bORPH$cKM12_1$d2021-08-31$oMTP5 PAUW$p20131372$r2021-01-12 00:00:00$w2021-01-12$yDIS
=999  \\$d14712

