=LDR  01695aam a2200193   4500
=001  14717
=005  20230123102218.0
=008  120111s2004\\\\\\\\\\\\\\\\\\\\\\0\e
=020  \\$a9780192802545
=041  \\$aeng
=100  \\$aHopkins, David$4aut$916721
=245  \\$aDada and surrealism: A very short introduction
=260  \\$aOxford$bOxford university press$c2004
=300  \\$a183
=520  \\$aThe avant-garde movements of Dada and Surrealism continue to have a huge influence on cultural practice, especially in contemporary art, with its obsession with sexuality, fetishism, and shock tactics. In this new treatment of the subject, Hopkins focuses on the many debates surrounding these movements: the Marquis de Sade's Surrealist deification, issues of quality (How good is Dali?), the idea of the 'readymade', attitudes towards the city, the impact of Freud, attitudes to women, fetishism, and primitivism. The international nature of these movements is examined, covering the cities of Zurich, New York, Berlin, Cologne, Barcelona, Paris, London, and recently discovered examples in Eastern Europe.
Hopkins explores the huge range of media employed by both Dada and Surrealism (collage, painting, found objects, performance art, photography, film) , whilst at the same time establishing the aesthetic differences between the movements. He also examines the Dadaist obsession with the body-as-mechanism in relation to the Surrealists' return to the fetishized/eroticized body.
=490  \\$aVery short introductions$v105
=942  \\$cBOO
=952  \\$00$10$2ddc$40$6VIS_HOPK$70$8VIS$914701$aORPH$bORPH$cKTS1_H$d2022-09-19$l0$oVIS HOPK$p2011312$r2021-01-12 00:00:00$w2021-01-12$yBOO
=999  \\$c14717$d14717

