=LDR  00939aam a2200205   4500
=001  14728
=005  20250120120512.0
=008  150512s2010\\\\\\\\\\\\\\\\\\\\\\0\dut
=041  \\$adut
=100  \\$aVanmaele, Joost$4edt$916724
=245  \\$aDag van het artistiek onderzoek in muziek$nJaarboek 2010
=260  \\$aGhent$bOrpheus Instituut$c2010
=300  \\$a77 pages
=610  \0$aOrpheus Instituut (Ghent, Belgium)$1http://www.wikidata.org/entity/Q2289519$922507
=648  \0$a21st Century (2001-2100)$1http://www.wikidata.org/entity/Q6939$920812
=650  \0$aArtistic research$1http://www.wikidata.org/entity/Q20827087$921804
=942  \\$cBOO
=952  \\$00$10$2ddc$40$6RESERVE$70$8REF$914711$aORPH$bORPH$cKM12_1$l0$oReserve$p20114447$r2021-01-12 00:00:00$w2021-01-12$yBOO
=952  \\$00$10$2ddc$40$6REF_3_000000000000000_VANM$70$8REF$914712$aORPH$bORPH$cKM12_1$d2021-08-24$oREF3 VANM$p20134345$r2021-01-12 00:00:00$w2021-01-12$yBOO
=999  \\$d14728

