=LDR  00802aam a2200193   4500
=001  14729
=005  20250120120512.0
=008  140228s2011\\\\\\\\\\\\\\\\\\\\\\0\dut
=041  \\$adut
=100  \\$aRoels, Hans$4edt$916688
=245  \\$aDag van het artistiek onderzoek in muziek$nJaarboek 2011
=260  \\$aGhent$bOrpheus Instituut$c2011
=300  \\$a87 pages
=610  \0$aOrpheus Instituut (Ghent, Belgium)$1http://www.wikidata.org/entity/Q2289519$922507
=648  \0$a21st Century (2001-2100)$1http://www.wikidata.org/entity/Q6939$920812
=650  \0$aArtistic research$1http://www.wikidata.org/entity/Q20827087$921804
=942  \\$cBOO
=952  \\$00$10$2ddc$40$6REF_3_000000000000000_ROEL$70$8REF$914713$aORPH$bORPH$cKM12_1$d2021-08-24$oREF3 ROEL$p20134338$r2021-01-12 00:00:00$w2021-01-12$yBOO
=999  \\$d14729

