=LDR  02474aam a2200277   4500
=001  14733
=003  OSt
=005  20250925143301.0
=008  120126s2011\\\\\\\\\\\\\\\\\\\\\\0\eng
=020  \\$a9780300155341
=040  \\$cOI
=041  \\$aeng
=245  \\$aThe Dance Claimed Me:$bA Biography of Pearl Primus
=260  \\$aNew Haven, CT$bYale University Press$c2011
=300  \\$a324 pages
=520  \\$aPearl Primus (1919-1994) blazed onto the dance scene in 1943 with stunning works that incorporated social and racial protest into their dance aesthetic. In "The Dance Claimed Me", Peggy and Murray Schwartz, friends and colleagues of Primus, offer an intimate perspective on her life and explore her influences on American culture, dance, and education. They trace Primus' path from her childhood in Port of Spain, Trinidad, through her rise as an influential international dancer, an early member of the New Dance Group (whose motto was 'Dance is a weapon'), and a pioneer in dance anthropology. Primus travelled extensively in the United States, Europe, Israel, the Caribbean, and Africa, and she played an important role in presenting authentic African dance to American audiences. She engendered controversy in both her private and professional lives, marrying a white Jewish man during a time of segregation and challenging black intellectuals who opposed the 'primitive' in her choreography. Her political protests and mixed-race tours in the South triggered an FBI investigation, even as she was celebrated by dance critics and by contemporaries like Langston Hughes. For "The Dance Claimed Me", the Schwartzes interviewed more than a hundred of Primus' family members, friends, fellow artists, and other individuals to create a vivid portrayal of a life filled with passion, drama, determination, fearlessness, and brillance.
=600  \0$aPrimus, Pearl$d1919-1994$1http://www.wikidata.org/entity/Q11698449$923364
=648  \0$a20th Century (1901-2000)$1http://www.wikidata.org/entity/Q6927$920936
=650  \0$aDancer$1http://www.wikidata.org/entity/Q5716684$923366
=650  \0$aBiography$1http://www.wikidata.org/entity/Q36279$91927
=651  \0$aUSA$1http://www.wikidata.org/entity/Q30$943
=700  \\$4aut$aSchwartz, Peggy$916728
=700  \\$4aut$aSchwartz, Murray$916729
=942  \\$cBOO
=952  \\$00$10$2ddc$40$6BIO_PRIM_D$70$8BIO$914720$aORPH$bORPH$cKTS1_P$d2022-01-05$g28.00$oBIO PRIM d$p20126007$r2021-01-12 00:00:00$w2021-01-12$yBOO
=999  \\$d14733

