=LDR  00540aam a2200169   4500
=001  14740
=005  20250120120047.0
=008  170116s1982\\\\\\\\\\\\\\\\\\\\\\0\f
=020  \\$a2051003750
=041  \\$afre
=100  \\$aCollaer, Paul$d1891-1989$4aut$916552
=245  \\$aDarius Milhaud
=260  \\$aGenève-Paris$bEditions Slatkine$c1982
=300  \\$a617
=942  \\$cBOO
=952  \\$00$10$2ddc$40$6BIO_MILH_D$70$8BIO$914727$aORPH$bORPH$cKTS1_P$d2021-10-19$l1$oBIO MILH d$p20129854$r2022-10-20 00:00:00$s2022-10-20$w2021-01-12$yBOO
=999  \\$c14740$d14740

