=LDR  01515aam a2200241   4500
=001  14742
=005  20250925143301.0
=008  120424s1997\\\\\\\f\\\\\\\\\\\\\\1\eng\d
=020  \\$a978052007231290000
=041  \\$aeng$hfre
=100  \\$4aut$aMichaux, Henri$d1899-1984$1http://www.wikidata.org/entity/Q160780$924285
=245  \\$aDarkness Moves:$bAn Henri Michaux Anthology, 1927-1984
=260  \\$aBerkeley, CA$bUniversity of California Press$c1997
=300  \\$a342 pages
=520  \\$aHenri Michaux defies common critical definition. Critics have compared his work to such diverse artists as Kafka, Goya, Swift, Klee, and Beckett. Allen Ginsberg called Michaux "genius," and Jorge Luis Borges wrote that Michaux's work "is without equal in the literature of our time." This anthology contains substantial selections from almost all of Michaux's major works, most never before published in English, and allows readers to explore the haunting verbal and pictorial landscape of a twentieth-century visionary.


=590  \\$aSelected, translated, and presented by David Ball
=648  \0$a20th Century (1901-2000)$1http://www.wikidata.org/entity/Q6927$920936
=650  \0$aLiterature$1http://www.wikidata.org/entity/Q8242$94439
=650  \0$aFine art$1http://www.wikidata.org/entity/Q219625$921579
=700  \\$4edt$4trl$aBall, David$916737
=942  \\$cBOO
=952  \\$00$10$2ddc$40$6LIT_MICH_A$70$8LIT$914729$aORPH$bORPH$cKM12_2_H$d2022-05-25$oLIT MICH a$p20136770$r2021-01-12 00:00:00$w2021-01-12$yBOO
=999  \\$d14742

