=LDR  01193aam a2200193   4500
=001  14745
=005  20230123102221.0
=008  130523s2009\\\\\\\\\\\\\\\\\\\\\\0\e
=020  \\$a9780824833121
=041  \\$aeng
=100  \\$aCarter, Paul$4aut$916739
=245  \\$aDark writing: Geography, performance, design
=260  \\$aHonolulu$bUniversity of Hawai$c2009
=250  \\$a306
=520  \\$aWe do not see empty figures and outlines; we do not move in straight lines. Everywhere we are surrounded by dapple; the geometry of our embodied lives is curviform, meandering, bi-pedal. Our personal worlds are timed, inter-positional, and contingent. But nowhere in the language of cartography and design do these ordinary experiences appear. This, Dark Writing argues, is a serious omission because they are designs on the world: architects and colonizers use their lines to construct the places where we will live. How can we explain the omission of bodies from maps and plans?
=490  \\$aWriting Past Colonialism$v4
=942  \\$cBOO
=952  \\$00$10$2ddc$40$6PHI_CART_A$70$8PHI$914732$aORPH$bORPH$cKM12_3_2$d2021-08-03$g24.00$oPHI CART a$p20132915$r2021-01-12 00:00:00$w2021-01-12$yBOO
=999  \\$c14745$d14745

