=LDR  02850aam a2200277   4500
=001  14747
=005  20251001162313.0
=008  160224s2012\\\\\\\\\\\\\\\\\\\\\\0\ger\d
=020  \\$a9783795708160
=041  \\$ager
=245  \\$aDarmstädter Beiträge zur neuen Musik$bBand 21
=260  \\$aMainz$bSchott$c2012
=300  \\$a123 pages
=490  \\$aDarmstädter Beiträge zur Neuen Musik$v21
=505  \\$gVorwort; Clemens Gadenstätter: Komponieren lehren, Komponieren lernen; Martin Schüttler: Diesseitigkeit; Liza Lim: Patterns of Ecstasy; Konstellationen 2012: Musik und Sprache, Isabel Mundry und Mathias Spahlinger im Gespräch mit Stefan Fricke; Michael Rebhahn: Zum Adjektiv verurteilt?; Thomas Meadowcroft: An Afterword to "Individuality"; Francisco López: Environmental sound matter; Jorge Sánchez-Chiong: Die Umwindung einer Maschine. Turntables als Instrument; Bernhard Lang: MaschinenTheaterMaschine; Tim Mariën: Tuning Systems in Contemporary Music; Johannes Kreidler: Musik mit Musik; Konrad Boehmer: Darmstadt: Tabula rasa oder Fabula rapax? ; John Cage: Zur Geschichte der experimentellen Musik in den Vereinigten Staaten; AutorInnen
=520  \\$aVermutlich jeder, der sich intensiver mit zeitgenössischer Musik beschäftigt, hat mehr als einmal die "Darmstädter Beiträge zur Neuen Musik" konsultiert. Die schlichten grünen Bände mit der großen weißen Schrift trugen ohne Frage auch dazu bei, dass sich die Darmstädter Ferienkurse als maßgebliches Theorie- und Diskursforum etablieren konnten. Dabei waren dei Sammelbände weniger als wissenschaftliche Beiträge gedacht, sondern bereits in ihrer Konzeption durch Wolfgang Steinecke, den Begründer der Reihe, als Quellensammlung angelegt: als verschriftlicher Rückblick auf zentrale Positionen des jeweils vorangegangenen Kursjahrgangs. Genau zwei Jahrzehnte nach dem letzten erschienenen Band wird jetzt die Edition der Reihe wieder aufgenommen: Der 21. Band der "Darmstädter Beiträge zur Neuen Musik" setzt einen Akzent ganz im ursprünglichen Sinne, indem hier wichtige Vorträge, Texte und Diskussionen der Ferienkurse des Jahres 2010 versammelt werden.
=648  \0$a21st Century (2001-2100)$1http://www.wikidata.org/entity/Q6939$920812
=650  \0$aArtistic research$1http://www.wikidata.org/entity/Q20827087$921804
=650  \0$aMusic philosophy and aesthetics$1http://www.wikidata.org/entity/Q2092865$921165
=651  \0$aDarmstadt (Germany)$1http://www.wikidata.org/entity/Q2973$921595
=700  \\$4edt$aRebhahn, Michael$d-1972$916740
=700  \\$4edt$aSchäfer, Thomas$916741
=942  \\$cBOO
=952  \\$00$10$40$70$8COLL_UNK$914734$aORPH$bORPH$cLOC_UNK$l0$p20115888$r2021-01-12 00:00:00$w2021-01-12$yBOO
=952  \\$00$10$2ddc$40$70$8COLL_UNK$921633$aORPH$bORPH$cLOC_UNK$d2022-07-26$l0$p20139131$r2022-07-26 00:00:00$w2021-01-12$yBOO
=999  \\$d14747

