=LDR  01049aam a2200229   4500
=001  14750
=005  20250906121749.0
=008  130516s2005\\\\\\\\\\\\\\\\\\\\\\0\ger
=020  \\$a9783803151735
=041  \\$ager
=100  \\$aBredekamp, Horst$4aut$916297
=245  \\$aDarwins Korallen:$bFrühe Evolutionsmodelle und die Tradition der Naturgeschichte
=260  \\$aBerlin$bWagenbach$c2005
=300  \\$a111 pages
=490  \\$aKleine Kulturwissenschaftliche Bibliothek$v73
=520  \\$aLebensbaum mit dem Menschen als Krone oder Entwicklung nach allen Seiten? Bredekamp befragt Darwins Evolutionstheorie und ihre Bilder.
=600  \0$aDarwin, Charles$d1809–1882$1http://www.wikidata.org/entity/Q1035$925843
=648  \0$a19th Century (1801-1900)$1http://www.wikidata.org/entity/Q6955$920935
=650  \0$aScience$1http://www.wikidata.org/entity/Q7991$921650
=942  \\$cBOO
=952  \\$00$10$2ddc$40$6SCI_BRED$70$8SCI$914737$aORPH$bORPH$cKM12_1$d2013-05-16$g22.29$l1$oSCI BRED$p20132742$r2023-03-20 00:00:00$s2023-03-13$w2021-01-12$yBOO
=999  \\$d14750

