=LDR  00574aam a2200169   4500
=001  14753
=005  20250120120051.0
=008  170627s1989\\\\\\\\\\\\\\\\\\\\\\0\e
=020  \\$a9780333503379
=041  \\$aeng
=100  \\$aMiller, Julius Sumner$4aut$916748
=245  \\$aThe days of my life: an autobiography
=260  \\$aSouth Melbourne$bThe Macmillan Company of Australia$c1989
=300  \\$a330
=942  \\$cBOO
=952  \\$00$10$2ddc$40$6BIO_MILL_A$70$8BIO$914740$aORPH$bORPH$cKTS1_P$d2021-10-19$g91.00$oBIO MILL a$p20129752$r2021-01-12 00:00:00$w2021-01-12$yBOO
=999  \\$c14753$d14753

