=LDR  01445aam a2200193   4500
=001  14754
=005  20250120120051.0
=008  110829s2006\\\\\\\\\\\\\\\\\\\\\\0\eng
=020  \\$a9780123694522
=041  \\$aeng
=100  \\$aAnholt, Robert R. H.$4aut$916749
=245  \\$aDazzle'em with style : The art of oral scientific presentation
=250  \\$a2
=260  \\$aBurlington$bElsevier Academic Press$c2006
=300  \\$a171 pages
=520  \\$aMastering the art of communicating scientific information is more critical than ever for a successful career in science and technology. Scientists today must be able to effectively convey sophisticated information to a broad audience that may include students, colleagues around the world, regulatory bodies, granting agencies, legislators, and the lay public. In this engaging and lively book, the author provides a step-by-step guide to the complete process of making a scientific presentation from preparation to delivery. It offers numerous examples highlighting what to follow and what to avoid. This revised edition covers the effective use of PowerPointT and other computer-based presentation programs. It also includes a handy checklist, new illustrations, and tips on handling an audience in a foreign country.
=942  \\$cBOO
=952  \\$00$10$2ddc$40$6REF_2_000000000000000_ANHO$70$8REF$914741$aORPH$bORPH$cKM12_1$d2021-08-23$oREF2 ANHO$p20131208$r2021-01-12 00:00:00$w2021-01-12$yBOO
=999  \\$d14754

