=LDR  02443aam a2200265   4500
=001  14755
=005  20250925143301.0
=008  160411s2008\\\\\\\\\\\\\\\\\\\\\\0\eng
=020  \\$a9780748637119
=041  \\$aeng
=100  \\$aBurke, Seán$4aut$916750
=245  \\$aThe Death and Return of the Author:$bCriticism and Subjectivity in Barthes, Foucault and Derrida
=250  \\$a3rd ed.
=260  \\$aEdinburgh$bEdinburgh University Press$c2008
=300  \\$a283 pages
=520  \\$aFor the late twentieth century, the death of the author assumed a significance analogous to the death of God one hundred years previously. In this now classic study, Sean Burke both provides the first detailed explanation of anti-authorialism and shows how, even taken on its own terms, the attempt to abolish the author is philosophically untenable. Rather than developing a traditionally humanist defence, Burke effectively out-theorises theory through rigorous readings which demonstrate that the concept of the author remained profoundly active even and especially as its disappearance was being articulated.The question of the author, he argues, is not a question within theory but the question of theory. Building on a substantially revised second edition, Burke further explores the challenges faced by an authorial theory that is 'still to come'. Prompted by the responses to the passing of Jacques Derrida in 2004, he revisits the enigmatic borderlines between life and work, life and (authorial) death. Features of the third edition: a 5,000-word Preface which considers Derrida's legacy and the future of authorial theory; two new chapters which submit the biographical and autobiographical to independent theoretical scrutiny; and, a fully updated bibliography.
=600  \0$aBarthes, Roland$d1915-1980$1http://www.wikidata.org/entity/Q179109$919171
=600  \0$aFoucault, Michel$d1926-1984$1http://www.wikidata.org/entity/Q44272$915787
=600  \0$aDerrida, Jacques$d1930-2004$1http://www.wikidata.org/entity/Q130631$919354
=648  \0$a20th Century (1901-2000)$1http://www.wikidata.org/entity/Q6927$920936
=650  \0$aPhilosophy$1http://www.wikidata.org/entity/Q5891$92357
=650  \0$aDeconstruction$1http://www.wikidata.org/entity/Q180348$922122
=942  \\$cBOO
=952  \\$00$10$2ddc$40$6LIT_BART_B_BURK$70$8LIT$914742$aORPH$bORPH$cKM12_2_H$d2016-04-11$g24.35$oLIT BART b BURK$p20133580$r2021-01-12 00:00:00$w2021-01-12$yBOO
=999  \\$d14755

