=LDR  01322aam a2200205   4500
=001  14756
=005  20250120120051.0
=008  130820s2007\\\\\\\\\\\\\\\\\\\\\\0\e
=020  \\$a9780826493620
=041  \\$ae
=100  \\$4aut$aFoucault, Michel$d1926-1984$1http://www.wikidata.org/entity/Q44272$915787
=100  \\$4Postscript$aAshbery, John$916751
=245  \\$aDeath and the labyrinth
=260  \\$aLondon$bContinuum$c2007
=250  \\$a2
=300  \\$a227
=520  \\$aDeath and the Labyrinth is unique, being Foucault's only work on literature. For Foucault this was "by far the book I wrote most easily and with the greatest pleasure". Here, Foucault explores theory, criticism and psychology through the texts of Raymond Roussel, one of the fathers of experimental writing, whose work has been celebrated by the likes of Cocteau, Duchamp, Breton, Robbe Grillet, Gide and Giacometti.

This revised edition includes an introduction, chronology and bibliography to Foucault's work by James Faubion, an interview with Foucault, conducted only nine months before his death, and concludes with an essay on Roussel by the poet John Ashbery.
=942  \\$cBOO
=952  \\$00$10$2ddc$40$6PHI_FOUC_A$70$8PHI$914743$aORPH$bORPH$cKM12_3_2$d2021-08-09$g19.00$oPHI FOUC a$p20130520$r2021-01-12 00:00:00$w2021-01-12$yBOO
=999  \\$c14756$d14756

