=LDR  00895aam a2200181   4500
=001  14757
=005  20250120120051.0
=008  131210s1996\\\\\\\\\\\\\\\\\\\\\\0\e
=020  \\$a9780253210081
=041  \\$aeng
=100  \\$aFuchs, Elinor$4aut$916752
=245  \\$aThe death of character
=260  \\$aBloomington$bIndiana University Press$c1996
=300  \\$a224
=520  \\$a"Extremely well written, and exceedingly well informed, this is a work that opens a variety of important questions in sophisticated and theoretically nuanced ways. It is hard to imagine a better tour guide than Fuchs for a trip through the last thirty years of, as she puts it, what we used to call the 'avant-garde.'" -- Essays in Theatre
=942  \\$cBOO
=952  \\$00$10$2ddc$40$6LIT_FUCH_A$70$8LIT$914744$aORPH$bORPH$cKM12_2_H$d2021-08-25$g12.33$oLIT FUCH a$p20134041$r2021-01-12 00:00:00$w2021-01-12$yBOO
=999  \\$c14757$d14757

