=LDR  02989aam a2200229   4500
=001  14759
=005  20251001162313.0
=008  120125s2003\\\\\\\g\\\\\\\\\\\\\\0\eng\d
=020  \\$a9780195181647
=041  \\$aeng
=100  \\$aKorsyn, Kevin Ernest$4aut$916754
=245  \\$aDecentering Music:$bA Critique of Contemporary Musical Research
=260  \\$aOxford$bOxford University$c2003
=300  \\$a232 pages
=336  \\$aprinted
=520  \\$aAs a work of cultural criticism that recalls the concerns of Foucault, Hayden White, Zizek, and others Decentering Music examines the struggle for the authority to speak about music at a time when the humanities are in crisis. By linking the institutions that support musical research, including professional associations and universities, to complex historical changes such as globalization and the commodification of knowledge, Korsyn undertakes a critique of musical scholarship as an institutional discourse, while contributing to a general theory of disciplinary structures that goes beyond the limits of any single field.
In asking a number of fundamental questions about the models through which disciplinary objects in music are constructed, Korsyn suggests unexpected relationships between works of musical scholarship and the cultural networks in which they participate. Thus David Lewin's theory of musical perceptions is compared to Richard Rorty's concept of the "liberal ironist," Susan McClary's feminist narrative of music history is juxtaposed with T.S. Eliot's "dissociation of sensibility," and Steven Feld's work in recording the music of the Kaluli people is compared to the treatment of ambient sound in contemporary cinema.
Developing a framework for interpretation in dialogue with a number of poststructuralist writers, Korsyn goes far beyond applying their thought to the analysis of music; by showing the cultural dilemmas to which their work responds, Korsyn suggests how musical research already participates in these ideas. Rather than impose any single method, Decentering Music empowers readers to choose for themselves by interrogating their own values and ideological commitments, exploring the enabling conditions for statements about music. By demonstrating the complicity of opposing positions and challenging readers to reexamine their own values, Decentering Music will surely provoke debate, while appealing to readers in a variety of fields, and to anyone concerned about the crisis in the humanities.
=650  \0$aArtistic research$1http://www.wikidata.org/entity/Q20827087$921804
=650  \0$aMusic philosophy and aesthetics$1http://www.wikidata.org/entity/Q2092865$921165
=942  \\$cBOO
=952  \\$00$10$2ddc$40$6AES_KORS$70$8AES$914746$aORPH$bORPH$cKM12_1$l0$oAES KORS$p20135055$r2021-01-12 00:00:00$w2021-01-12$yBOO
=952  \\$00$10$2ddc$40$6AES_KORS$70$8AES$921561$aORPH$bORPH$cKM12_1$d2022-05-18$l1$oAES KORS$p20138891$q2022-11-13$r2022-05-19 00:00:00$s2022-05-19$w2021-01-12$yBOO
=999  \\$d14759

