=LDR  01063aam a2200205   4500
=001  14760
=005  20250925143301.0
=008  120716s1969\\\\nl\afo\\\\\\\\\\\\0\ger
=041  \\$ager
=100  \\$aVostell, Wolf$4aut$916755
=245  \\$adé-coll/agen 1954-69: dé-coll/agen, plakate, verwisschungen, objekte, happening partituren, happening fall outs, elektronische verwischungen, elektronische objekte
=250  \\$a1st ed.
=260  \\$a[Groningen]$bGalerie Block$c1969
=300  \\$a448 pages$billustrations
=520  \\$aKarton mit fotoillustriertem Lappenumschlag. edition 17 - Galerie Rene Block. Folienbezug am Rücken angeknittert mit kleinem Riss am Kapital, etwas nachgedunkelt. Schnitt etwas gegilbt. Ordentliches Exemplar.
=648  \0$a20th Century (1901-2000)$1http://www.wikidata.org/entity/Q6927$920936
=650  \0$aFine art$1http://www.wikidata.org/entity/Q219625$921579
=942  \\$cBOO
=952  \\$00$10$2ddc$40$6BIO_VOST_A$70$8BIO$914747$aORPH$bORPH$cKTS1_P$d2012-07-13$g58.00$oBIO VOST a$p20131557$r2021-01-12 00:00:00$w2021-01-12$yBOO
=999  \\$d14760

