=LDR  01532aam a2200205   4500
=001  14762
=005  20251103124736.0
=008  120202s2007\\\\\\\\\\\\\\\\\\\\\\0\eng
=020  \\$a9780235349330
=041  \\$aeng
=100  \\$aPierce, Alexandra$4aut$916757
=245  \\$aDeepening Musical Performance through Movement:$bThe Theory and Practice of Embodied Interpretation
=260  \\$aBloomington, IN$bIndiana University Press$c2007
=300  \\$a230 pages
=520  \\$aAlexandra Pierce helps musicians gain a richer understanding of music through the use of the body and gesture. She asserts that expression of character and affect in music corresponds to expression of character and affect in physical gesture. She seeks to answer the question, "What is vitality in music?" and to find answers that contribute to hearing and performing this core quality of music in order to help musicians integrate them into daily practice. Pierce's approach is to isolate and explore through movement such elements of music as melody, beat, and structural levels. Short narratives that illustrate how performance practice problems can be approached and solved are scattered throughout the book.
=650  \0$aCorporeality$1http://www.wikidata.org/entity/Q101490283$921406
=650  \0$aMusical interpretation$1http://www.wikidata.org/entity/Q1668139$94533
=942  \\$cBOO
=952  \\$00$10$2ddc$40$6MTP_2_000000000000000_PIER$70$8MTP$914749$aORPH$bORPH$cKM12_1$d2021-12-29$g33.00$oMTP2 PIER$p20134472$r2021-01-12 00:00:00$w2021-01-12$yBOO
=999  \\$d14762

