=LDR  02453aam a2200193   4500
=001  14764
=005  20250120120526.0
=008  181025s2018\\\\\\\\\\\\\\\\\\\\\\0\eng
=041  \\$aeng
=100  \\$aBok, Henri Joseph$4aut$916759
=245  \\$aThe Deep-Rooted Microtonality of the Bass Clarinet
=260  \\$aLeiden$bUniversiteit Leiden$c2018
=300  \\$a489 pages
=500  \\$aProefschrift ter verkrijging van de graad van Doctor aan de Universiteit Leiden op gezag van de Rector Magnificus prof. mr. C.J.J.M. Stolker, volgens besluit van het College voor promoties te verdedigen op 17 oktober 2018.
=520  \\$aThe deep-rooted microtonality of the bass clarinet
This PhD proposes a new microtonal approach of the bass clarinet, further developing the instruments capability to produce not only exact quartertones, but also smaller units.

The existing literature only partly acknowledges the microtonal possibilities of the bass clarinet, restricting the options mainly to quartertones. When measured, the results of the proposed fingering patterns are often approximative. This PhD proposes a new microtonal approach of the bass clarinet, further developing the instruments capability to produce not only exact quartertones, but also smaller units: eighth-tones and 31-tones. The root-overtone microtonality of the bass clarinet is explored as well, using the natural overtones which can be generated on top of roots, as a means to create more microtonal variants, often in the form of nano tones. The numerous fingering patterns that are the outcome of this research have been documented in the appendices. All these fingering patterns are shown in combined audio/video recordings. Instruction and demonstration videos clarify the different subjects of this research. Audio recordings illustrate the use of the microtonal bass clarinet playing in the pieces which were the result of the collaboration with several interested composers. The findings are also applied in a number of compositions of my own. The extension of the bass clarinets microtonal possibilities presented here will allow bass clarinettists, composers and other instrumentalists to inform and enrich their creative processes.
=650  \0$aBass clarinet$1http://www.wikidata.org/entity/Q8345$922917
=942  \\$cDIS
=952  \\$00$10$2ddc$40$6MTP_5_000000000000000_BOK$70$8MTP$914751$aORPH$bORPH$cKM12_1$d2021-08-30$oMTP5 BOK$p20131343$r2021-01-12 00:00:00$w2021-01-12$yDIS
=999  \\$d14764

