=LDR  01418aam a2200229   4500
=001  14768
=005  20250925143302.0
=008  131106s1996\\\\\\\\\\\\\\\\\\\\\\0\eng
=020  \\$a9781557865656
=041  \\$aeng
=100  \\$4edt$aPatton, Paul$916762
=245  \\$aDeleuze:$bA Critical Reader
=260  \\$aOxford$bBlackwell$c1996
=300  \\$a316 pages
=490  \\$aBlackwell Critical Readers
=520  \\$aPaul Patton brings together an outstanding collection of appraisals by French- and English-speaking scholars of Gilles Deleuze (1925-1995), one of the most important post-war French philosophers. A number of these pieces address Deleuze's original interpretations of key figures in the history of philosophy, including Spinoza, Kant, Hegel and Bergson. Others discuss his work on mathematics, and the relevance of his conceptual creativity for art criticism, feminist, literary, and cultural studies. Several of the contributions here have not been previously published.
=600  \0$aDeleuze, Gilles$d1925-1995$1http://www.wikidata.org/entity/Q184226$915927
=648  \0$a20th Century (1901-2000)$1http://www.wikidata.org/entity/Q6927$920936
=650  \0$aPhilosophy$1http://www.wikidata.org/entity/Q5891$92357
=942  \\$cBOO
=952  \\$00$10$2ddc$40$6PHI_DELE_B_PATT$70$8PHI$914755$aORPH$bORPH$cKM12_3_2$d2021-07-27$g45.00$oPHI DELE b PATT$p20130562$r2021-01-12 00:00:00$w2021-01-12$yBOO
=999  \\$c14768$d14768

