=LDR  01523aam a2200205   4500
=001  14770
=005  20250120120051.0
=008  150513s2011\\\\\\\\\\\\\\\\\\\\\\0\eng
=020  \\$a9780748638383
=041  \\$aeng
=245  \\$aDeleuze and Contemporary Art
=250  \\$a2nd ed.
=260  \\$aEdinburgh$bEdinburgh University Press$c2011
=300  \\$a324 pages
=520  \\$aWhat is at stake for contemporary art in the take up of Deleuze and Guattari's thought? What are the limits and possibilities of this take up? To address these questions, this book presents a series of inflections that explore the connection between these two fields. The topics studied range from the political and the expanded 'aesthetic paradigm' of art practice today, to specific scenes and encounters and the question of technology in relation to art.
These essays have been written by philosophers and artists working at the cutting edge of this new area, including writers from outside the Anglo-American tradition. The contributors include Gustavo Chirolla Ospina, Suely Rolnik, Gerald Raunig, Eric Alliez, Maurizio Lazzarato, Jussi Parikka, Johnny Golding, David Burrows, Robert Garnett, Edgar Schmitz, Claudia Mongini, Elisabeth von Samsonow, Barbara Bolt, Neil Chapman and Ola Stahl.

=700  \\$4edt$aZepke, Stephen$916765
=700  \\$4edt$aO'Sullivan, Simon$eEditor$916766
=942  \\$cBOO
=952  \\$00$10$2ddc$40$70$8PHI$914757$aORPH$bORPH$cKM12_3_2$d2021-12-20$g21.00$p20115442$r2021-01-12 00:00:00$w2021-01-12$xMissing$yBOO
=999  \\$d14770

