=LDR  01690aam a2200277   4500
=001  14774
=005  20251009081720.0
=008  111129s2009\\\\\\\\\\\\\\\\\\\\\\0\dut\d
=020  \\$a9789085065388
=041  \\$adut
=100  \\$4edt$aTuinen, Sjoerd van$916773
=245  \\$aDeleuze compendium
=260  \\$aAmsterdam$bBoom$c2009
=300  \\$a408 pages
=520  \\$aDe belangstelling voor Gilles Deleuze (1925-1995) beperkt zich niet meer uitsluitend tot de filosofie. Architecten, bestuurskundigen, kunstenaars, planologen en cineasten houden zich met zijn oeuvre bezig. In het Deleuze compendium gaan Nederlandse en Vlaamse Deleuze-experts in op de belangrijkste thema?s en ontwikkelingen in het werk van de grote denker. Complex jargon wordt daarbij vermeden, toegankelijkheid staat voorop. De essays, die op zichzelf gelezen kunnen worden, staan dankzij overzichtelijke verwijzingen met elkaar in verband.
=600  \0$aDeleuze, Gilles$d1925-1995$1http://www.wikidata.org/entity/Q184226$915927
=648  \0$a20th Century (1901-2000)$1http://www.wikidata.org/entity/Q6927$920936
=650  \0$aPhilosophy$1http://www.wikidata.org/entity/Q5891$92357
=650  \0$aPostmodernism$1http://www.wikidata.org/entity/Q47783$923399
=651  \0$aFrance$1http://www.wikidata.org/entity/Q142$9131
=700  \\$aRomein, Ed$4edt$916771
=700  \\$aSchuilenburg, Marc$1http://www.wikidata.org/entity/Q19898933$4edt$916772
=700  \\$aTuinen, Sjoerd van$1http://www.wikidata.org/entity/Q112521553$4edt$916773
=942  \\$cBOO
=952  \\$00$10$2ddc$40$6PHI_DELE_B_ROME$70$8PHI$914761$aORPH$bORPH$cKM12_3_2$d2021-08-11$oPHI DELE b ROME$p20133648$r2021-01-12 00:00:00$w2021-01-12$yBOO
=999  \\$d14774

