=LDR  01916aam a2200181   4500
=001  14775
=005  20251009081720.0
=008  111129s2005\\\\\\\\\\\\\\\\\\\\\\0\e
=020  \\$a9780748618996
=041  \\$aeng
=100  \\$4edt$aParr, Adrian$916774
=245  \\$aThe Deleuze dictionary
=260  \\$aEdinburgh$bEdinburgh University Press$c2005
=300  \\$a318
=520  \\$aThis dictionary, the first dedicated to the work of Gilles Deleuze, offers an in-depth and lucid introduction to one of the most influential figures in continental philosophy. It defines and contextualizes more than 150 terms relating to Deleuze's philosophy, including "becoming," "body without organs," "deterritorialization," "difference," "repetition," and "rhizome." The entries also explore Deleuze's intellectual influences and the ways in which his ideas have shaped philosophy, feminism, cinema studies, postcolonial theory, geography, and cultural studies. More than just defining and describing specific terms, the dictionary elaborates on Deleuze's ideas to reveal the varied applications of his philosophy.

The contributors, who include some of the most prominent Deleuze scholars, bring their expert knowledge and critical opinion to bear on the entries. Their work provides a range of theoretical, historical, and aesthetic contexts for anyone interested in Deleuzian thought.

Contributors include: Ronald Bogue, University of Georgia; Rosi Braidotti, Utrecht University; Claire Colebrook, University of Edinburgh; Tom Conley, Harvard University; Eugene Holland, Ohio State University; Tamsin Lorraine, Swarthmore College; Paul Patton, University of New South Wales; Kenneth Surin, Duke University; Alberto Toscano, Goldsmiths College
=942  \\$cBOO
=952  \\$00$10$2ddc$40$6PHI_DELE_B_PARR$70$8PHI$914762$aORPH$bORPH$cKM12_3_2$d2021-08-11$g26.00$oPHI DELE b PARR$p20133649$r2021-01-12 00:00:00$w2021-01-12$yBOO
=999  \\$c14775$d14775

