=LDR  00947aam a2200241   4500
=001  14776
=005  20250925143302.0
=008  120223s2006\\\\\\\\\\\\\\\\\\\\\\0\dut
=020  \\$a9789077070871
=041  \\$adut$hfre
=100  \\$aBadiou, Alain$4aut$916775
=245  \\$aDeleuze:$bHet geroep van het zijn
=260  \\$aKampen$bBoekencentrum$c2006
=300  \\$a176 pages
=534  \\$aOriginally published in 1997
=600  \0$aDeleuze, Gilles$d1925-1995$1http://www.wikidata.org/entity/Q184226$915927
=648  \0$a20th Century (1901-2000)$1http://www.wikidata.org/entity/Q6927$920936
=650  \0$aPhilosophy$1http://www.wikidata.org/entity/Q5891$92357
=651  \0$aFrance$1http://www.wikidata.org/entity/Q142$9131
=765  \\$aDeleuze. La clameur de l'Être
=942  \\$cBOO
=952  \\$00$10$2ddc$40$6PHI_DELE_B_BADI$70$8PHI$914763$aORPH$bORPH$cKM12_3_2$d2021-08-11$oPHI DELE b BADI$p20133568$r2021-01-12 00:00:00$w2021-01-12$yBOO
=999  \\$d14776

