=LDR  00841aam a2200205   4500
=001  14783
=005  20250120120052.0
=008  140124s1972\\\\\\\\\\\\\\\\\\\\\\0\ger
=020  \\$a3770106415
=041  \\$ager
=100  \\$aSchnebel, Dieter$d1930-2018$4aut$1http://www.wikidata.org/entity/Q264475$916780
=245  \\$aDenkbare Musik: Schriften 1952-1972
=260  \\$aKöln$bM. DuMont-Schauberg$c1972
=300  \\$a503 pages
=650  \0$aMusical analysis$1http://www.wikidata.org/entity/Q1544924$92775
=700  \\$4edt$aZeller, Hans Rudolf$d1934-2019$921332
=942  \\$cBOO
=952  \\$00$10$2ddc$40$6TRE_SCHN$70$8TRE$914770$aORPH$bORPH$cKTS1_H$d2022-03-28$g30.00$l1$oTRE SCHN$p20134841$q2022-09-22$r2022-03-28 00:00:00$s2022-03-28$w2021-01-12$yBOO
=999  \\$c14783$d14783
=650  \0$aMusic criticism$1http://www.wikidata.org/entity/Q11748889$921598

