=LDR  00591aam a2200169   4500
=001  14789
=005  20230123102228.0
=008  170124s1972\\\\\\\\\\\\\\\\\\\\\\0\f
=041  \\$afre
=100  \\$aPeus, Michel$4aut$916787
=245  \\$aDéodat de Séverac: sa vie, son oeuvre et son influence méridionale
=260  \\$aPerpignan$bImprimerie Louis Sensevy$c1972
=300  \\$a96
=490  \\$aMassana$vTome IV - N° 3
=942  \\$cBOO
=952  \\$00$10$2ddc$40$6BIO_SEVE_D$70$8BIO$914776$aORPH$bORPH$cKTS1_P$d2021-10-26$g20.00$oBIO SEVE d$p20129931$r2021-01-12 00:00:00$w2021-01-12$yBOO
=999  \\$c14789$d14789

