=LDR  02380aam a2200241   4500
=001  14793
=005  20250925143302.0
=008  160915s2008\\\\\\\\\\\\\\\\\\\\\\0\eng
=020  \\$a9870823228751
=100  \\$aHurst, Andrea$4aut$916791
=245  \\$aDerrida Vis-a-vis Lacan:$bInterweaving Deconstruction and Psychoanalysis
=260  \\$aNew York$bFordham University Press$c2008
=300  \\$a469
=490  \\$aPerspectives in continental philosophy
=520  \\$aDerrida and Lacan have long been viewed as proponents of two opposing schools of thought. This book argues, however, that the logical structure underpinning Lacanian psychoanalytic theory is a complex, paradoxical relationality that corresponds to Derrida's plural logic of the aporia.Andrea Hurst begins by linking this logic to a strand of thinking (in which Freud plays a part) that unsettles philosophy's transcendental tradition. She then shows that Derrida is just as serious and careful a reader of Freud's texts as Lacan. Interweaving the two thinkers, she argues that the Lacanian Real is another name for Derrida's diffrance and shows how Derrida's writings on Heidegger and Nietzsche embody an attitude toward sexual difference and feminine sexuality that matches Lacanian insights. Derrida's plural logic of the aporia, she argues, can serve as a heuristic for addressing prominent themes in Lacanian psychoanalysis: subjectivity, ethics, and language. Finally, she takes up Derrida's prejudicial reading of Lacan's Seminar on 'The Purloined Letter, 'which was instrumental in the antagonism between Derrideans and Lacanians. Although acknowledging the injustice of Derrida's reading, the author brings out the deep theoretical accord between thinkers that both recognize the power of psychoanalysis to address contemporary political and ethical issues.
=648  \0$a20th Century (1901-2000)$1http://www.wikidata.org/entity/Q6927$920936
=650  \0$aPhilosophy$1http://www.wikidata.org/entity/Q5891$92357
=650  \0$aDeconstruction$1http://www.wikidata.org/entity/Q180348$922122
=650  \0$aPsychology$1http://www.wikidata.org/entity/Q9418$922578
=651  \0$aFrance$1http://www.wikidata.org/entity/Q142$9131
=942  \\$cBOO
=952  \\$00$10$2ddc$40$6PHI_DERR_B_HURS$70$8PHI$914781$aORPH$bORPH$cKM12_3_2$d2021-08-03$g37.00$oPHI DERR b HURS$p20130544$r2021-01-12 00:00:00$w2021-01-12$yBOO
=999  \\$d14793

