=LDR  00827aam a2200181   4500
=001  14798
=005  20250904121657.0
=008  150519s1937\\\\\\\\\\\\\\\\\\\\\\0\ger\d
=041  \\$ager
=100  \\$aCassirer, Ernst$d1874-1945$4aut$1http://www.wikidata.org/entity/Q57188$916792
=245  \\$aDescartes' Wahrheitsbegriff:$bBetrachtungen zur 300-Jahresfeier des "Discours de la méthode"
=260  \\$bTheoria$c1937
=600  \0$aDescartes, René$d1596-1650$1http://www.wikidata.org/entity/Q9191$95525
=648  \0$a17th Century (1601-1700)$1http://www.wikidata.org/entity/Q7016$920923
=650  \0$aPhilosophy$1http://www.wikidata.org/entity/Q5891$92357
=942  \\$cBOO
=952  \\$00$10$2ddc$40$6PHI_DESC_B_CASS$70$8PHI$914786$aORPH$bORPH$cKM12_3_2$d2021-08-03$oPHI DESC b CASS$p20132932$r2021-01-12 00:00:00$w2021-01-12$yBOO
=999  \\$d14798

