=LDR  02020aam a2200253   4500
=001  14799
=005  20250120120531.0
=008  150513s1980\\\\\\\\\\\\\\\\\\\\\\0\eng
=020  \\$a9780231048071
=041  \\$aeng$hfre
=100  \\$4aut$aKristeva, Julia$d1941-$1http://www.wikidata.org/entity/Q159876$916796
=245  \\$aDesire in Language:$bA Semiotic Approach to Literature and Art
=260  \\$aNew York$bColumbia University Press$c1980
=300  \\$a305 pages
=520  \\$aDesire in Language traces the path of an investigation, extending over a period of ten years, into the semiotics of literature and the arts. But the essays of Julia Kristeva in this volume, though they often deal with literature and art, do not amount to either "literary criticism" or "art criticism." Their concern, writes Kristeva, "remains intratheoretical: they are based on art and literature in order to subvert the very theoretical, philosophical, or semiological apparatus."

Probing beyond the discoveries of Sigmund Freud, Jacques Lacan, Roman Jakobson and others, Julia Kristeva proposes and tests theories centered on the nature and development of the novel, and on what she has defined as a signifying practice in poetic language and pictural works. 'Desire in Language' fully shows what Roman Jakobson has called Kristeva's "genuine gift of questioning generally adopted 'axioms,' and her contrary gift of releasing various 'damned questions' from their traditional question marks."
=534  \\$cParis, Seuil, 1969
=650  \0$aSemiotics$1http://www.wikidata.org/entity/Q60195$923080
=650  \0$aLiterature$1http://www.wikidata.org/entity/Q8242$94439
=650  \0$aFine art$1http://www.wikidata.org/entity/Q219625$921579
=700  \\$4trl$aRoudiez, Leon S.$916797
=765  \\$aSéméiôtiké: recherches pour une sémanalyse
=942  \\$cBOO
=952  \\$00$10$2ddc$40$6PHI_KRIS_A$70$8PHI$914787$aORPH$bORPH$cKM12_3_2$d2021-08-10$g22.00$l1$oPHI KRIS a$p20133490$r2023-04-27 00:00:00$s2023-02-06$w2021-01-12$yBOO
=999  \\$d14799

