=LDR  00507aam a2200157   4500
=001  14801
=005  20230123102231.0
=008  150521s1955\\\\\\\\\\\\\\\\\\\\\\0\d
=041  \\$ager
=100  \\$aDeucalion$4aut$916799
=245  \\$aDeucalion: Etudes Hégéliennes
=260  \\$aNeuchatel$bEditions de la baconnière$c1955
=300  \\$a176
=942  \\$cBOO
=952  \\$00$10$2ddc$40$6PHI_DEUC_A$70$8PHI$914789$aORPH$bORPH$cKM12_3_2$d2021-08-04$oPHI DEUC a$p20132966$r2021-01-12 00:00:00$w2021-01-12$yBOO
=999  \\$c14801$d14801

