=LDR  00312aam a2200109   4500
=001  14808
=005  20210413164312.0
=008  160822s\\\\\\\\\\\\\\\\\\\\\\\\\\0\\\\
=245  \\$adfdf
=942  \\$cBOO
=952  \\$00$10$40$70$8COLL_UNK$914796$aORPH$bORPH$cLOC_UNK$d2021-01-12$l0$r2021-01-12 00:00:00$w2021-01-12$yBOO
=999  \\$c14808$d14808

