=LDR  02503aam a2200241   4500
=001  14814
=005  20250120120053.0
=008  150910s2000\\\\\\\\\\\\\\\\\\\\\\0\eng\d
=020  \\$a903083079
=041  \\$aeng$hfre
=100  \\$aBachelard, Gaston$d1884-1962$4aut$1http://www.wikidata.org/entity/Q270800$916813
=245  \\$aThe Dialectic of Duration
=260  \\$aManchester$bClinamen$c2000
=300  \\$a159 pages
=520  \\$aGaston Bachelard (1884 -1962) is one of the most famous philosophers of the French 20th century, leaving a huge body of writing stretching from his first publication in 1928 right up to the time of his death. His subject matter was diverse - to date, the texts chosen for translation into English have reflected his 'literary critical' writing career, but there remains an impressive body of untranslated work on the philosophy of science. He held the chair of History of Philosophy of Science at La Sorbonne.
Bachelard's work has and retains a profound influence in the French-speaking world. His writing career as a whole can be understood as a meditation on science in the context of human being and the creative, 'poetic' side of human nature, featuring restless reformulations of psychoanalysis and phenomenology .

'Dialectic of Duration' addresses the nature of time, taking issue specifically with Henri Bergson's notion of duration, or 'lived' time, as found in Bergson's 'Duration and Simultaneity' and 'Matter and Memory'. For Bachelard, contra Bergson, the experience of lived time was fractured, interrupted, not 'single' and continuous; he argues that there is no one underlying thread - that time is multiple and discrete. This had and has crucial significance for the debate between Bergson and the physics of Relativity.

This first time English translation has been undertaken by Bachelard scholar Dr Mary McAllester Jones of Strathclyde University, whose 'Gaston Bachelard - Subversive Humanist' has done much to broaden Bachelard's English-language reputation. The introduction is by Dr Cristina Chimisso.
=534  \\$aOriginally published in 1936, revised 1950
=650  \0$aPhilosophy$1http://www.wikidata.org/entity/Q5891$92357
=700  \\$4trl$aMcAllester Jones, Mary$920921
=700  \\$4win$aChimisso, Cristina$920922
=765  \\$aDialectique de la durée
=942  \\$cBOO
=952  \\$00$10$2ddc$40$6PHI_BACH_A$70$8PHI$914802$aORPH$bORPH$cKM12_3_2$d2022-06-08$l1$oPHI BACH a$p20139110$r2022-06-08 00:00:00$s2021-03-12$w2021-01-12$yBOO
=999  \\$d14814

