=LDR  01124aam a2200205   4500
=001  14815
=005  20250120120053.0
=008  120328s1997\\\\\\\\\\\\\\\\\\\\\\0\e
=020  \\$a9780826400932
=041  \\$aeng
=100  \\$4Auteur$aAdorno, Theodor W.$d1903-1969$1http://www.wikidata.org/entity/Q152388$915795
=100  \\$4Auteur$aHorkheimer, Max$916814
=100  \\$4Translator$aCumming, John$916815
=245  \\$aDialectic of enlightenment
=260  \\$aNew York$bContinuum$c1997
=300  \\$a258
=520  \\$aDialectic of Enlightenment is undoubtedly the most influential publication of the Frankfurt School of Critical Theory. Written during the Second World War and circulated privately, it appeared in a printed edition in Amsterdam in 1947. "What we had set out to do," the authors write in the Preface, "was nothing less than to explain why humanity, instead of entering a truly human state, is sinking into a new kind of barbarism
=942  \\$cBOO
=952  \\$00$10$2ddc$40$6PHI_HORK_A$70$8PHI$914803$aORPH$bORPH$cKM12_3_2$d2021-08-09$g18.00$oPHI HORK a$p20133433$r2021-01-12 00:00:00$w2021-01-12$yBOO
=999  \\$c14815$d14815

