=LDR  01038aam a2200241   4500
=001  14821
=005  20250121142131.0
=008  120321s1971\\\\fr\\\\\\\\\\\\\\\\0\fre
=020  \\$a9782070279289
=041  \\$afre
=100  \\$aButor, Michel$d1926-2016$4aut$1http://www.wikidata.org/entity/Q309716$916818
=245  \\$aDialogue avec 33 variations de Ludwig van Beethoven sur une valse de Diabelli
=260  \\$aParis$bGallimard$c1971
=300  \\$a146 pages
=490  \\$aLe Chemin
=600  \0$aBeethoven, Ludwig van$d1770-1827$1http://www.wikidata.org/entity/Q255$95335
=648  \0$a18th Century (1701-1800)$1http://www.wikidata.org/entity/Q7015$920899
=650  \0$aMusic criticism$1http://www.wikidata.org/entity/Q11748889$921598
=650  \0$aComposer$1http://www.wikidata.org/entity/Q36834$93625
=651  \0$aFrance$1http://www.wikidata.org/entity/Q142$9131
=942  \\$cBOO
=952  \\$00$10$2ddc$40$6LIT_BUTO_A$70$8LIT$920769$aORPH$bORPH$cKM12_2_H$d2022-01-10$oLIT BUTO a$p20135456$r2021-10-18 00:00:00$w2021-10-18$yBOO
=999  \\$d14821

