=LDR  02438aam a2200229   4500
=001  14822
=005  20250925143302.0
=008  180924s1957\\\\\\\\\\\\\\\\\\\\\\0\fre
=041  \\$afre
=100  \\$4aut$aBernanos, Georges$d1888-1948$1http://www.wikidata.org/entity/Q315072$916819
=245  \\$aDialogues des carmélites.$bOpéra en trois actes et 12 tableaux
=260  \\$aParis$bRicordi$c1957
=300  \\$a55 pages
=520  \\$aDialogues des carmélites est un opéra français en trois actes de Francis Poulenc. Le livret du compositeur reprend (avec quelques coupures) un scénario posthume de Georges Bernanos inspiré de la nouvelle de Gertrud von Le Fort, La Dernière à l'échafaud (Die letzte am Schafott), et adapté à la scène par Jacques Hébertot en 1952.

L'opéra fut créé le 26 janvier 1957 à la Scala de Milan dans une version italienne de Flavio Testi. La première de la version française eut lieu à l'Opéra de Paris le 21 juin de la même année.

L'action débute en avril 1789. Blanche de la Force, une jeune aristocrate parisienne, annonce à son père son intention d'entrer au Carmel de Compiègne. La mère supérieure du couvent la reçoit et lui demande d'exposer les raisons qui la poussent à rejoindre cet ordre religieux. Devenue novice, Blanche va vivre les derniers jours de la congrégation mise à mal par la Révolution française. La troupe envahit le couvent, mais Blanche réussit à s'échapper. Les ordres religieux sont dissous et les religieuses condamnées à mort. Elles montent à l'échafaud en chantant le Salve Regina. Après bien des hésitations et des doutes sur sa raison d'être, Blanche les rejoint.
=590  \\$aMusique de Francis Poulenc. Texte de la pièce de Georges Bernanos porté à l'Opéra avec l'autorisation de Emmet Lavery. Cette pièce a été inspirée par une nouvelle de Gertrude Von Le Fort et un scénario de Philippe Agostini et du R. V. Bruckberger.
=600  \0$aPoulenc, Francis$d1899-1963$1http://www.wikidata.org/entity/Q191408$97614
=648  \0$a20th Century (1901-2000)$1http://www.wikidata.org/entity/Q6927$920936
=650  \0$aOpera$1http://www.wikidata.org/entity/Q1344$92468
=651  \0$aFrance$1http://www.wikidata.org/entity/Q142$9131
=942  \\$cBOO
=952  \\$00$10$2ddc$40$6KTS_1_000000000000000_C3_15_14$70$8RAR$914810$aORPH$bORPH$cKTS1_C3$d2021-09-08$oKTS1 C3.15 (14)$p20136411$r2021-01-12 00:00:00$w2021-01-12$yBOO
=999  \\$c14822$d14822

