=LDR  01182aam a2200229   4500
=001  14824
=005  20250925143302.0
=008  120315s2007\\\\\\\\\\\\\\\\\\\\\\0\dut
=020  \\$a9789056625993
=041  \\$adut
=245  \\$aDick Raaijmakers:$bMonografie
=260  \\$aRotterdam$bInstituut voor de instabiele media$c2007
=300  \\$a528 pages
=520  \\$aDe AICA-oorkonde wordt jaarlijks uitgereikt, beurtelings aan een instelling, een publicatie en een tentoonstelling die zich onderscheidt door uitzonderlijke kwaliteit. De AICA-oorkonde over de periode 2007-2009 is toegekend aan een publicatie: De monografie van Dick Raaijmakers door Arjen Mulder en Joke Brouwer.


=600  \0$aRaaijmakers, Dick$d1930-2013$1http://www.wikidata.org/entity/Q359329$915928
=648  \0$a20th Century (1901-2000)$1http://www.wikidata.org/entity/Q6927$920936
=700  \\$4aut$aBrouwer, Joke$916019
=700  \\$4aut$aMulder, Arjen$916021
=942  \\$cBOO
=952  \\$00$10$2ddc$40$6BIO_RAAI_D$70$8BIO$914812$aORPH$bORPH$cKTS1_P$d2021-10-19$oBIO RAAI d$p20129843$r2021-01-12 00:00:00$w2021-01-12$yBOO
=999  \\$c14824$d14824
=650  \0$aMusic history$1http://www.wikidata.org/entity/Q846047$921373

