=LDR  01953aam a2200193   4500
=001  14825
=005  20250120120030.0
=008  131114s2008\\\\\\\\\\\\\\\\\\\\\\0\e
=020  \\$a9789056626006
=041  \\$aeng
=100  \\$4aut$aMulder, Arjen$916021
=100  \\$4aut$aBrouwer, Joke$916019
=245  \\$aDick Raaymakers: A monograph
=260  \\$aRotterdam$bV2_Publishing$c2008
=300  \\$a447
=520  \\$aDick Raaymakers (1930- 2013) is widely recognized as one of the founders of Dutch electronic music in the 1950s, and as a multimedia artist he was way ahead of his time. Dick Raaymakers' works and installations as well as his music and theater performances are so original that they are unique in the world. His influence on colleagues of his own generation but especially on younger generations of artists cannot be overestimated. 

Dick Raaymakers: A Monograph is a 450 page, richly illustrated book offers insight into Raaymakers' work methods, thought processes and motivation and is a must-have reference work. This overview is complemented by a number of essays by experts from the world of music and theater, such as Elmer Schönberger, Frans Evers, Kees Tazelaar, Michael van Hoogenhuyze and Paul Slangen. 

Together with V2_Institute for the Unstable Media, Dick Raaymakers has been digging through his personal archive for two years in order to track down the first sketches, correspondence, final concepts and often intense collaborations and performances of all of his works. This does not only offer an insight into the work of Dick Raaymakers, but into a major part of Dutch post-war art as well. 

Dick Raaymakers: A Monograph is a book that should be in the collection of every lover of electronic music, theater, art and performance.
=942  \\$cBOO
=952  \\$00$10$2ddc$40$6BIO_RAAI_D$70$8BIO$914813$aORPH$bORPH$cKTS1_P$d2021-10-19$g54.00$oBIO RAAI d$p20129842$r2021-01-12 00:00:00$w2021-01-12$yBOO$Vamazon.co.uk
=999  \\$c14825$d14825

