=LDR  01959aam a2200253   4500
=001  14826
=005  20250120120137.0
=008  170913s1981\\\\\\\\\\\\\\\\\\\\\\0\eng
=020  \\$a0571100368
=041  \\$aeng
=245  \\$aA Dictionary of Early Music$bfrom the Troubadours to Monteverdi
=260  \\$aLondon$bFaber$c1981
=300  \\$a208 pages
=520  \\$aHere is an invaluable ready reference to the world of early music. No other single book currently available gives the reader the essential facts about the composers, their music, and the bewildering variety of instruments for which is was written.
There are entries for some 700 composers from the troubadours to Monteverdi, featuring especially those composers whose music is available in modern editions and on recordings. Every medieval or Renaissance instrument likely to be heard in modern performance is described, often with the help of line drawings. The dictionary also provides a succinct and lucid guide to technical terms, musical forms, manuscript and printed sources, Renaissance music publishers, and the more important contemporary theorists. A Dictionary of Early Music has been compiled for everyone who goes to concerts and buys recordings of early music. Students, performers, and listeners alike will find it indispensable.
=648  \0$aMiddle Ages (500-1400)$1http://www.wikidata.org/entity/Q12554$920964
=648  \0$aRenaissance (1400-1600)$1http://www.wikidata.org/entity/Q4692$920965
=648  \0$a17th Century (1601-1700)$1http://www.wikidata.org/entity/Q7016$920923
=650  \0$aEarly music$1http://www.wikidata.org/entity/Q436016$93160
=650  \0$aDictionary$1http://www.wikidata.org/entity/Q23622$921580
=700  \\$4aut$aRoche, Jerome$916820
=700  \\$4aut$aRoche, Elisabeth$916821
=942  \\$cBOO
=952  \\$00$10$2ddc$40$6REF_1_000000000000000$70$8REF$914814$aORPH$bORPH$cKM12_1$d2021-08-30$oREF1$p20134056$r2021-01-12 00:00:00$w2021-01-12$yBOO
=999  \\$d14826

