=LDR  00498aam a2200157   4500
=001  14827
=005  20250120120053.0
=008  131113s1950\\\\\\\\\\\\\\\\\\\\\\0\eng
=100  \\$aIlling, Robert$4aut$916822
=245  \\$aA Dictionary of Music
=250  \\$a1953
=260  \\$aHarmondsworth$bPenguin Books$c1950
=300  \\$a318 pages
=942  \\$cBOO
=952  \\$00$10$2ddc$40$6REF_1_000000000000000$70$8REF$914815$aORPH$bORPH$cKM12_1$d2021-01-12$oREF1$p20134055$r2021-01-12 00:00:00$w2021-01-12$yBOO
=999  \\$d14827

