=LDR  01793aam a2200217   4500
=001  14830
=005  20250120120245.0
=008  130916s1998\\\\\\\\\\\\\\\\\\\\\\0\eng
=020  \\$a9780802081636
=041  \\$aeng
=100  \\$aPavis, Patrice$4aut$916650
=245  \\$aDictionary of the Theater:$bTerms, Concepts, and Analysis
=260  \\$aToronto$bUniversity of Toronto Press$c1998
=300  \\$a469 pages
=520  \\$aPatrice Pavis is one of France's most brilliant academics and a leading expert internationally in the theory of theatre. Dictionary of the Theatre is an English translation of Pavis's acclaimed Dictionnaire du théâtre, now in its second printing in France.

This encyclopedic dictionary includes theoretical, technical, and semiotic terms and concepts. Alphabetical entries range from 'absurd' to 'word scenery' and treat the reader to a vast panoply of theatre and theory. The extended discussions are supported by useful examples drawn from the international repertoire of plays and playwrights, both classic and contemporary. The Foreword is by Marvin Carlson.

This dictionary is remarkably well integrated, partly because of its excellent system of cross-referencing, but also because it represents the vision and scholarship of a single, recognized authority. There is no other source like it available and it will be warmly welcomed by the English-language theatre world.
=650  \0$aTheater$1http://www.wikidata.org/entity/Q24354$92225
=650  \0$aTheater history$1http://www.wikidata.org/entity/Q1061140$94607
=650  \0$aDictionary$1http://www.wikidata.org/entity/Q23622$921580
=942  \\$cBOO
=952  \\$00$10$2ddc$40$6LIT_PAVI_A$70$8LIT$914818$aORPH$bORPH$cKM12_2_H$d2021-08-30$g35.92$oLIT PAVI a$p20131314$r2021-01-12 00:00:00$w2021-01-12$yBOO
=999  \\$d14830

