=LDR  01125aam a2200241   4500
=001  14833
=008  150924s1941\\\\\\\\\\\\\\\\\\\\\\0\fre
=041  \\$afre
=100  \\$aWright, Rowland$4aut$916825
=245  \\$aDictionnaire des instruments de musique : $bétude de lexicologie
=260  \\$aLondon$bBattley$c1941
=300  \\$a192 pages
=648  \0$aMiddle Ages (500-1400)$1http://www.wikidata.org/entity/Q12554$920964
=648  \0$a15th Century (1401-1500)$1http://www.wikidata.org/entity/Q7018$921015
=648  \0$a16th Century (1501-1600)$1http://www.wikidata.org/entity/Q7017$920944
=648  \0$a17th Century (1601-1700)$1http://www.wikidata.org/entity/Q7016$920923
=648  \0$a18th Century (1701-1800)$1http://www.wikidata.org/entity/Q7015$920899
=648  \0$a19th Century (1801-1900)$1http://www.wikidata.org/entity/Q6955$920935
=650  \0$aOrganology$1http://www.wikidata.org/entity/Q899293$921400
=651  \0$aWorld$1http://www.wikidata.org/entity/Q2$922254
=942  \\$cBOO
=952  \\$00$10$2ddc$40$6INS_1A$70$8INS$914821$aORPH$bORPH$cKTS0$d2021-09-22$oINS1a$p20131074$r2021-01-12 00:00:00$yBOO
=999  \\$d14833

