=LDR  01010aam a2200193   4500
=001  14834
=008  \\\\\\e1886\\\\\\\f\\\\\\\\\\\\\\0\fre1d
=041  \\$afre
=100  \\$aJacquot, Albert$4aut$916826
=245  \\$aDictionnaire pratique et raisonné des instruments de musique anciens et modernes :$bindiquant tout ce qui se rapporte aux différents types d'instruments en usage depuis l'époque la plus reculée jusqu'à nos jours
=260  \\$aParis$bFischbacher$c1886
=650  \0$aBowed string instrument$1http://www.wikidata.org/entity/Q192096$92398
=650  \0$aBrass instrument$1http://www.wikidata.org/entity/Q180744$92439
=650  \0$aKeyboard instrument$1http://www.wikidata.org/entity/Q52954$92849
=650  \0$aWind instrument$1http://www.wikidata.org/entity/Q173453$94615
=651  \0$aWorld$1http://www.wikidata.org/entity/Q2$922254
=942  \\$cBOO
=952  \\$00$10$2ddc$40$6INS_1A$70$8INS$914822$aORPH$bORPH$cKTS0$d2021-09-21$g120.00$oINS1a$p20130893$r2021-01-12 00:00:00$w2021-01-12$yBOO
=999  \\$d14834

