=LDR  00635aam a2200169   4500
=001  14837
=005  20250120120053.0
=008  131113s1918\\\\\\\\\\\\\\\\\\\\\\0\\\\
=041  \\$ager
=100  \\$aSchneider, Max$d1875-1967$4aut$1http://www.wikidata.org/entity/Q1913387$916830
=245  \\$aDie Anfänge des Basso Continuo und seiner Bezifferung.
=250  \\$a1971
=260  \\$aFarnborough$bGregg International Publishers$c1918
=300  \\$a205 pages
=942  \\$cBOO$2ddc
=952  \\$00$10$2ddc$40$6GHM_5_000000000000000$70$8GHM$914825$aORPH$bORPH$cKM12_1$d2021-01-12$l0$oGHM 5$p20134677$r2021-01-12 00:00:00$w2021-01-12$yBOO
=999  \\$c14837$d14837

