=LDR  01989aam a2200205   4500
=001  14839
=005  20251001162313.0
=008  140613s1992\\\\\\\g\\\\\\\\\\\\\\0\ger\d
=020  \\$a9783515058476
=041  \\$ager
=100  \\$aHouben, Eva-Maria$4aut$916831
=245  \\$aDie Aufhebung der Zeit:$bZur Utopie unbegrenzter Gegenwart in der Musik des 20. Jahrhunderts
=260  \\$aStuttgart$bFranz Steiner Verlag$c1992
=300  \\$a291 pages
=520  \\$aSince the beginning of the century, time has been the subject of artistic debate and philosophical discussion. If the concept of time itself is neither clearly definable nor manageable, the idea of a cancellation of time with regard to music as a so-called temporal art is even more difficult. This study is the first to provide a broad overview of the variety of ways in which 20th century music endeavoured to abolish the sequence of past, present and future and to dissolve temporal spaces. The utopia of the pure present, the spherical shape of time, becomes visible in numerous facets. 

‘A book that is worth working through, because the wealth of evidence and the corresponding systematics provide an insight into the music of the 20th century that is far superior to a normal listing of individual pieces and composers.’ -Neue Zeitschrift für Musik 

‘The examination of her thoughts and the material she has compiled is very exciting. Moreover, it is a book that in many respects virtually challenges (supplementary) criticism, a book that keeps you awake and heightens your own sensitivity to the central factor of time in music.’ -Dissonance .
(Translated with DeepL.com)
=650  \0$aTime$1http://www.wikidata.org/entity/Q11471$93353
=650  \0$aMusic philosophy and aesthetics$1http://www.wikidata.org/entity/Q2092865$921165
=942  \\$cBOO
=952  \\$00$10$2ddc$40$6AES_HOUB$70$8AES$914827$aORPH$bORPH$cKM12_1$d2024-10-14$g56.41$l0$oAES HOUB$p20143870$r2024-10-08 16:16:46$w2021-01-12$yBOO$Vamazon.com
=999  \\$d14839

