=LDR  02110aam a2200193   4500
=001  14841
=005  20251001162313.0
=008  140613s2014\\\\\\\\\\\\\\\\\\\\\\0\ger\d
=020  \\$a9783518296875
=041  \\$ager
=100  \\$aHindrichs, Gunnar$c-1971$4aut$1http://www.wikidata.org/entity/Q50345850$916833
=245  \\$aDie Autonomie des Klangs:$bEine Philosophie der Musik
=260  \\$aBerlin$bSuhrkamp Verlag GmbH$c2014
=300  \\$a272 pages
=520  \\$aIn 'Die Autonomie des Klangs', Hindrichs develops the categories of the musical work of art. Unlike the linguistic-analytical philosophy of music, the book does not provide a definition of the concept of the work, but unfolds it in a series of basic terms. According to him, a musical work of art is an autonomous sound complex. Its what-ness is designated by the category of musical material, which also includes the "tendency of the material" (Adorno); through this, the autonomous sound complex is related to the musical avant-garde. Its 'what-ness' (the musical form in the philosophical sense) is in turn designated by the categories of sound, time, space and sense. The sounds of the musical artwork stand in the forms of intense time, which attains simultaneity in the forms of intense space, and are intelligible in four ways: inner-musical functionality (literal sense), reference to other than music (allegorical sense), application to the listeners (tropological sense) and reference to a not-yet-being (anagogical sense). Importantly, each of the four musical senses emerges from the autonomy of sound. The sound's reference to the world is therefore not imposed on it from outside either, but is determined by its own implicit axioms. This book has been received in various ways and has provoked a discussion and defensive reactions in musicological circles.
=650  \0$aMusic philosophy and aesthetics$1http://www.wikidata.org/entity/Q2092865$921165
=942  \\$cBOO
=952  \\$00$10$2ddc$40$6AES_HIND$70$8AES$914829$aORPH$bORPH$cKM12_1$d2014-06-12$l1$oAES HIND$p20139105$r2022-06-08 00:00:00$s2021-03-12$v16.84$w2014-06-12$yBOO
=999  \\$d14841

