=LDR  00588aam a2200181   4500
=001  14842
=005  20250120120053.0
=008  201007s1974\\\\\\\\\\\\\\\\\\\\\\0\d
=020  \\$a3487052911
=041  \\$ad
=100  \\$4aut$aMies, Paul$916834
=245  \\$aDie Bedeutung der Skizzen Beethovens zur Erkenntnis seines Stiles
=260  \\$aHildesheim$bGeorg Olms Verlag$c1974
=250  \\$aNachdruck
=300  \\$a173
=942  \\$cBOO
=952  \\$00$10$2ddc$40$6BIO_BEET_E$70$8BIO$914830$aORPH$bORPH$cKTS1_P$d2022-06-10$g9.00$oBIO BEET e$p2013252$r2021-01-12 00:00:00$w2021-01-12$yBOO
=999  \\$c14842$d14842

