=LDR  01590aam a2200193   4500
=001  14846
=005  20251001162234.0
=008  170406s1981\\\\\\\\\\\\\\\\\\\\\\0\ger
=041  \\$ager
=100  \\$4aut$aLukacs, Georg$916840
=245  \\$aDie Eigenart des Ästhetischen
=260  \\$aBerlin$aWeimar$bAufbau$c1981
=300  \\$a2 vols.
=520  \\$aDas Werk enthält eine grundlegende Theorie der Kunst und des Ästhetischen auf der Basis der Widerspiegelungstheorie. Der erste Band klärt zunächst Probleme der Widerspiegelung im Alltagsleben und ihre Deanthropomorphisierung in der Wissenschaft, diskutiert prinzipielle Vorfragen der Loslösung der Kunst vom Alltagsleben und erläutert die abstrakten Formen der ästhetischen Widerspiegelung der Wirklichkeit (Rhythmus, Symmetrie, Proportion, Ornamentik). Er wendet sich dann seinem Schwerpunkt, nämlich Problemen der Mimesis zu. Unter diesem Aspekt analysiert er die Entstehung der ästhetischen Widerspiegelung, den Weg zur Welthaftigkeit der Kunst, den Weg des Subjekts zur ästhetischen Widerspiegelung, die eigene Welt der Kunstwerke, die defetischisierende Mission der Kunst und die Subjekt-Objekt-Beziehung in der Ästhetik.
=650  \0$aAesthetics$1http://www.wikidata.org/entity/Q35986$921494
=942  \\$cBOO
=952  \\$00$10$2ddc$3Band I$40$6AES_LUKA$70$8AES$914834$aORPH$bORPH$cKM12_1$d2017-03-24$g48.00$oAES LUKA$p20133838$r2021-01-12 00:00:00$w2021-01-12$yBOO
=952  \\$00$10$2ddc$3Band II$40$6AES_LUKA$70$8AES$914835$aORPH$bORPH$cKM12_1$d2017-03-24$g48.00$oAES LUKA$p20133837$r2021-01-12 00:00:00$w2021-01-12$yBOO
=999  \\$d14846

