=LDR  01310aam a2200265   4500
=001  14850
=005  20250901113608.0
=008  201007s1995\\\\\\\g\\\\\\\\\\\\\\0dger\d
=020  \\$a3487100762
=041  \\$ager
=100  \\$aBrink, Meike ten$4aut$916846
=245  \\$aDie Flötenkonzerte von Johann Joachim Quantz:$bUntersuchungen zu ihrer Überlieferung und Form
=260  \\$aHildesheim$bOlms$c1995
=300  \\$a2 vols. (343 pages)
=490  \\$aStudien und Materialien zur Musikwissenschaft$v11
=600  \0$aQuantz, Johann Joachim$d1697-1773$1http://www.wikidata.org/entity/Q77212$96465
=648  \0$a18th Century (1701-1800)$1http://www.wikidata.org/entity/Q7015$920899
=650  \0$aConcerto$1http://www.wikidata.org/entity/Q9748$921817
=650  \0$aFlute$1http://www.wikidata.org/entity/Q11405$921276
=651  \0$aBerlin (Germany)$1http://www.wikidata.org/entity/Q64$948
=651  \0$aPotsdam (Germany)$1http://www.wikidata.org/entity/Q1711$924316
=942  \\$cBOO
=952  \\$00$10$2ddc$3Teil 1$40$6BIO_QUAN_E$70$8BIO$914838$aORPH$bORPH$cKTS1_P$d2022-06-03$g18.00$oBIO QUAN e$p20130249$r2021-01-12 00:00:00$w2021-01-12$yBOO
=952  \\$00$10$2ddc$3Teil 2$40$6BIO_QUAN_E$70$8BIO$914839$aORPH$bORPH$cKTS1_P$d2022-06-03$g18.00$oBIO QUAN e$p20130248$r2021-01-12 00:00:00$w2021-01-12$yBOO
=999  \\$d14850

