=LDR  00576aam a2200169   4500
=001  14853
=005  20250120120054.0
=008  120309s1984\\\\\\\\\\\\\\\\\\\\\\0\d
=020  \\$a9783495475553
=041  \\$ager
=100  \\$aPöggeler, Otto$4aut$916848
=245  \\$aDie Frage nach der Kunst: Von Hegel zu Heidegger (Alber-Broschur Philosophie)
=260  \\$aFreiburg$bAlber$c1984
=300  \\$a408
=942  \\$cBOO
=952  \\$00$10$2ddc$40$6PHI_POGG_A$70$8PHI$914841$aORPH$bORPH$cKM12_3_2$d2021-08-02$g2260.00$oPHI POGG a$p20132859$r2021-01-12 00:00:00$w2021-01-12$yBOO
=999  \\$c14853$d14853

