=LDR  00963aam a2200229   4500
=001  14854
=005  20250120120135.0
=008  170206s1906\\\\\\\\\\\\\\\\\\\\\\0\ger
=041  \\$ager
=100  \\$aNietzsche, Friedrich Wilhelm$d1844-1900$4aut$1http://www.wikidata.org/entity/Q9358$915868
=245  \\$aDie Geburt der Tragödie. $bAus dem Nachlaß 1869-1873
=250  \\$a13.-22. Tausend
=260  \\$aLeipzig$bNaumann$c1906
=300  \\$a530 pages
=490  \\$aNietzsche's Werke. Taschen-Ausgabe$vI
=648  \0$a19th Century (1801-1900)$1http://www.wikidata.org/entity/Q6955$920935
=650  \0$aPhilosophy$1http://www.wikidata.org/entity/Q5891$92357
=650  \0$aTransposition$1http://www.wikidata.org/entity/Q815323$93154
=651  \0$aGermany$1http://www.wikidata.org/entity/Q183$9155
=942  \\$cBOO
=952  \\$00$10$2ddc$40$6PHI_NIET_A$70$8PHI$914842$aORPH$bORPH$cKM12_3_2$d2022-04-26$oPHI NIET a$p20133500$r2021-01-12 00:00:00$w2021-01-12$yBOO
=999  \\$d14854

