=LDR  00877aam a2200205   4500
=001  14855
=005  20250120120024.0
=008  140828s1988\\\\\\\\\\\\\\\\\\\\\\0\ger
=020  \\$a9783423590655
=041  \\$ager
=100  \\$aNietzsche, Friedrich Wilhelm$d1844-1900$4aut$1http://www.wikidata.org/entity/Q9358$915868
=245  \\$aDie Geburt der Tragödie - Unzeitgemässe Betrachtung
=260  \\$aMünchen$bDeutscher Taschenbuch Verlag$bde Gruyter$c1988
=300  \\$a924 pages
=490  \\$aFriedrich Nietzsche sämtliche Werke$v1
=648  \0$a19th Century (1801-1900)$1http://www.wikidata.org/entity/Q6955$920935
=650  \0$aPhilosophy$1http://www.wikidata.org/entity/Q5891$92357
=942  \\$cBOO
=952  \\$00$10$2ddc$40$6PHI_NIET_A$70$8PHI$914843$aORPH$bORPH$cKM12_3_2$d2014-08-18$g147.61$l1$oPHI NIET a$p20131625$r2024-01-25 00:00:00$s2021-03-12$w2021-01-12$yBOO
=999  \\$d14855

