=LDR  00861aam a2200205   4500
=001  14861
=005  20250904114739.0
=008  130212s1925\\\\\\\\\\\\\\\\\\\\\\0\ger\d
=041  \\$ager
=100  \\$4aut$aCassirer, Ernst$d1874-1945$1http://www.wikidata.org/entity/Q57188$916792
=245  \\$aDie Geschichte der Philosophie
=260  \\$aBerlin$bUllstein$c1925
=300  \\$a645 pages
=650  \0$aPhilosophy$1http://www.wikidata.org/entity/Q5891$92357
=650  \0$aHistory$1http://www.wikidata.org/entity/Q309$921403
=700  \\$aAster, Ernst$1http://www.wikidata.org/entity/Q104245$4aut$916851
=700  \\$aGeyser, Josef$1http://www.wikidata.org/entity/Q111331$4aut$916852
=942  \\$cBOO
=952  \\$00$10$2ddc$40$6PHI_0_000000000000000_ASTE$70$8PHI$914849$aORPH$bORPH$cKM12_3_2$d2021-08-18$oPHI0 ASTE$p20133982$r2021-01-12 00:00:00$w2021-01-12$yBOO
=999  \\$d14861

