=LDR  00857aam a2200217   4500
=001  14863
=005  20250120120054.0
=008  190625s1973\\\\\\\\\\\\\\\\\\\\\\0\ger
=020  \\$a3873970325
=041  \\$ager
=100  \\$4aut$aKühn, Hellmut$916854
=245  \\$aDie Harmonik der Ars nova:$bzur Theorie der isorhytmischen Motette
=260  \\$aMunich$bKatzbichler$c1973
=300  \\$a270 pages
=490  \\$aBerliner musikwissenschaftliche Arbeiten$v5
=648  \0$aMiddle Ages (500-1400)$1http://www.wikidata.org/entity/Q12554$920964
=650  \0$aMotet$1http://www.wikidata.org/entity/Q188285$92028
=650  \0$aMusic history$1http://www.wikidata.org/entity/Q846047$921373
=942  \\$cBOO
=952  \\$00$10$2ddc$40$6GHM_4_000000000000000$70$8GHM$914851$aORPH$bORPH$cKM12_1$d2021-11-19$oGHM4$p20134937$r2021-01-12 00:00:00$w2021-01-12$yBOO
=999  \\$c14863$d14863

