=LDR  00733aam a2200169   4500
=001  14874
=005  20230123102239.0
=008  140626s1971\\\\\\\\\\\\\\\\\\\\\\0\ger
=041  \\$ager
=100  \\$aBrix, Lothar$4aut$916863
=245  \\$aDie klaviermusik von Johann Peter Emilius Hartmann: Ein beitrag zur musikalischen romantik in Skandinavien
=260  \\$aGöttingen$bUniveris Göttingen$c1971
=300  \\$a334 pages
=520  \\$aDissertation zur Erlangung des Doktorgrades der Philosophischen Fakultät der Georg-August-Universität zu Göttingen, 1971
=942  \\$cBOO
=952  \\$00$10$2ddc$40$6MTP_5_000000000000000_BRIX$70$8MTP$914862$aORPH$bORPH$cKM12_1$d2021-08-30$oMTP5 BRIX$p20131340$r2021-01-12 00:00:00$w2021-01-12$yDIS
=999  \\$d14874

