=LDR  00556aam a2200157   4500
=001  14875
=005  20250120120054.0
=008  130124s1962\\\\\\\\\\\\\\\\\\\\\\0\d
=041  \\$ager
=100  \\$aEley, Lothar$4aut$916864
=245  \\$aDie krise des apriori: In der transzendentalen phänomenologie edmund Husserls
=260  \\$aDen Haag$bMartinus Nijhoff$c1962
=300  \\$a146
=942  \\$cBOO
=952  \\$00$10$2ddc$40$6PHI_HUSS_B_ELEY$70$8PHI$914863$aORPH$bORPH$cKM12_3_2$d2021-08-11$oPHI HUSS b ELEY$p20133748$r2021-01-12 00:00:00$w2021-01-12$yBOO
=999  \\$c14875$d14875

