=LDR  01440aam a2200241   4500
=001  14878
=008  131113r18771862\\\ag\\\\\\\\\\\\\0\ger\d
=041  \\$ager
=100  \\$aHelmholtz, Hermann von$d1821-1894$4aut$1http://www.wikidata.org/entity/Q60024$919391
=245  \\$aDie Lehre von den Tonempfindungen, als physiologische Grundlage für die Theorie der Musik
=250  \\$a4th ed.
=260  \\$aBraunschweig$bVieweg$c1877
=300  \\$a675 pages
=500  \\$aHermann von Helmholtz was one of the last great polymaths of the 19th century. He built bridges between medicine, physics and chemistry. With his book "Die Lehre von den Tonempfindungen", published in 1863, he created the basis for the scientific analysis of sounds that is still relevant today. (https://www.deutschlandfunkkultur.de/hermann-von-helmholtz-und-seine-lehre-von-den-100.html)
=648  \0$a19th Century (1801-1900)$1http://www.wikidata.org/entity/Q6955$920935
=650  \0$aMusic theory$1http://www.wikidata.org/entity/Q193544$92662
=650  \0$aTimbre$927568
=650  \0$aSound$1http://www.wikidata.org/entity/Q11461$926705
=650  \0$aChord$1http://www.wikidata.org/entity/Q170439$923438
=650  \0$aTonality$1http://www.wikidata.org/entity/Q192822$923769
=942  \\$cBOO
=952  \\$00$10$2ddc$40$6KTS_1_000000000000000_H_07_023$70$8RAR$914866$aORPH$bORPH$cKTS1_H$d2021-01-12$l0$oKTS1 H.07.023$p20130926$r2021-01-12 00:00:00$w2021-01-12$yBOO
=999  \\$d14878

