=LDR  00962aam a2200217   4500
=001  14880
=005  20250820130240.0
=008  131113s1837\\\\\\\g\\\\\\\\\\\\\\0\ger\d
=041  \\$ager
=100  \\$aMarx, Adolf Bernhard$d1795-1866$4aut$1http://www.wikidata.org/entity/Q360945$915911
=245  \\$aDie Lehre von der musikalischen Komposition.$bPraktisch-theoretisch$nErster Theil
=260  \\$aLeipzig$bBreitkopf & Härtel$c1852
=300  \\$a601 p.
=534  \\$aOriginally published in 1837
=648  \0$a19th Century (1801-1900)$1http://www.wikidata.org/entity/Q6955$920935
=650  \0$aMethod$1http://www.wikidata.org/entity/Q2250960$921402
=650  \0$aComposing$1http://www.wikidata.org/entity/Q92186587$1http://www.wikidata.org/entity/Q11895763$93076
=651  \0$aGermany$1http://www.wikidata.org/entity/Q183$9155
=942  \\$cBOO
=952  \\$00$10$40$70$8COLL_UNK$914868$aORPH$bORPH$cLOC_UNK$d2021-01-12$l0$r2021-01-12 00:00:00$w2021-01-12$yBOO
=999  \\$d14880

