=LDR  00940aam a2200217   4500
=001  14888
=005  20250120120616.0
=008  150421s1970\\\\\\\\\\\\\\\\\\\\\\0\ger
=041  \\$ager
=100  \\$aMichels, Ulrich$4aut$916871
=245  \\$aDie Musiktraktate des Johannes De Muris
=260  \\$aWiesbaden$bSteiner$c1970
=300  \\$a pages
=490  \\$aBeihefte zum Archiv für Musikwissenschaft$vVIII
=600  \0$aJohannes de Muris$dc. 1290/95-1344$1http://www.wikidata.org/entity/Q983400$924816
=648  \0$aMiddle Ages (500-1400)$1http://www.wikidata.org/entity/Q12554$920964
=650  \0$aMusic theory$1http://www.wikidata.org/entity/Q193544$92662
=650  \0$aArs nova$1http://www.wikidata.org/entity/Q210854$923087
=942  \\$cBOO
=952  \\$00$10$2ddc$40$6BIO_JOHA_E$70$8BIO$914876$aORPH$bORPH$cKTS1_P$d2022-09-02$g48.00$l1$oBIO JOHA e$p20115247$q2021-09-06$r2021-03-12 00:00:00$s2021-03-12$w2021-01-12$yBOO$Vamazon.de
=999  \\$d14888

