=LDR  01287aam a2200193   4500
=001  14889
=005  20250120120015.0
=008  120113s1998\\\\\\\\\\\\\\\\\\\\\\0\d
=020  \\$a3518282409
=041  \\$ager
=100  \\$aAdorno, Theodor W.$d1903-1969$4aut$1http://www.wikidata.org/entity/Q152388$915795
=245  \\$aDie musikalischen monographien
=260  \\$aDarmstadt$bWissenschaftliche Buchgesellschaft$c1998
=300  \\$a521
=520  \\$aDie in diesem Band enthaltenen drei Monographien sind großen Komponisten gewidmet, die für die Entwicklung der modernen Musik von zentraler Bedeutung sind. Durch den "Versuch über Wagner" hat Adorno entscheidend dazu beigetragen, das Wagner-Bild in der Mitte unseres Jahrhunderts zu prägen und eine kritische Einstellung zur Wagnerschen Musik zu finden. Das Mahler-Buch half mit, das vielfach verbogene Urteil über Mahler zu revidieren, über diese Musik des Fin-de-siècle. Der Monographie über Alban Berg gingen verschiedene Aufsätze über diesen "aus Jugendstil und Fin-de-siècle hervorgegangenen" Komponisten voraus.
=490  \\$aGesammelte Schriften$v13
=942  \\$cBOO
=952  \\$00$10$2ddc$40$6PHI_ADOR_A$70$8PHI$914877$aORPH$bORPH$cKM12_3_2$d2021-08-03$oPHI ADOR a$p20132908$r2021-01-12 00:00:00$w2021-01-12$yBOO
=999  \\$c14889$d14889

