=LDR  01238aam a2200181   4500
=001  14890
=005  20250120120015.0
=008  130712s1971\\\\\\\\\\\\\\\\\\\\\\0\d
=020  \\$a9783518282403
=041  \\$ager
=100  \\$aAdorno, Theodor W.$d1903-1969$4aut$1http://www.wikidata.org/entity/Q152388$915795
=245  \\$aDie musikalischen Monographien
=260  \\$aFrankfurt am Main$bSuhrkamp$c1971
=300  \\$a521
=520  \\$aDie in diesem Band enthaltenen drei Monographien sind großen Komponisten gewidmet, die für die Entwicklung der modernen Musik von zentraler Bedeutung sind. Durch den "Versuch über Wagner" hat Adorno entscheidend dazu beigetragen, das Wagner-Bild in der Mitte unseres Jahrhunderts zu prägen und eine kritische Einstellung zur Wagnerschen Musik zu finden. Das Mahler-Buch half mit, das vielfach verbogene Urteil über Mahler zu revidieren, über diese Musik des Fin-de-siècle. Der Monographie über Alban Berg gingen verschiedene Aufsätze über diesen "aus Jugendstil und Fin-de-siècle hervorgegangenen" Komponisten voraus.
=942  \\$cBOO
=952  \\$00$10$2ddc$40$6PHI_ADOR_A$70$8PHI$914878$aORPH$bORPH$cKM12_3_2$d2021-08-03$g29.00$oPHI ADOR a$p20132902$r2021-01-12 00:00:00$w2021-01-12$yBOO
=999  \\$c14890$d14890

