=LDR  00643aam a2200169   4500
=001  14891
=005  20250120120054.0
=008  140303s1983\\\\\\\\\\\\\\\\\\\\\\0\d
=020  \\$a3423044101
=041  \\$ad
=100  \\$aRummenhöller, Peter$4aut$916872
=245  \\$aDie musikalische Vorklassik: Kulturhistorische und musikgeschichtliche Grundrisse zur Musik im 18. Jahrhundert zwischen Barock und Klassik
=260  \\$aKassel$bBärenreiter$c1983
=300  \\$a195
=942  \\$cBOO
=952  \\$00$10$2ddc$40$6GHM_5_000000000000000$70$8GHM$914879$aORPH$bORPH$cKM12_1$d2021-08-17$g10.00$oGHM5$p20130680$r2021-01-12 00:00:00$w2021-01-12$yBOO
=999  \\$c14891$d14891

