=LDR  00666aam a2200181   4500
=001  14892
=005  20250128120921.0
=008  120510s1984\\\\\\\\\\\\\\\\\\\\\\0\ger
=020  \\$a389007037X
=245  \\$aNeues Handbuch der Musikwissenschaft: Die Musik des 20. Jahrhunderts
=260  \\$aLaaber$bLaaber-Verlag$c1984
=300  \\$a460 pages
=490  \\$aNeues Handbuch der Musikwissenschaft$v7
=700  \\$4edt$aDahlhaus, Carl$d1928-1989$916277
=700  \\$4aut$aDanuser, Hermann$916156
=942  \\$cBOO
=952  \\$00$10$2ddc$40$6MTP_1_000000000000000_DAHL$70$8MTP$914880$aORPH$bORPH$cKM12_1$d2021-08-30$oMTP1 DAHL$p20130750$r2021-01-12 00:00:00$w2021-01-12$yBOO
=999  \\$d14892

