=LDR  01460aam a2200277   4500
=001  14895
=008  150924s1937\\\\\\\af\\\\b\\\\\\1\0dger\|
=041  \\$ager
=100  \\$aSchweickert, Karl$4aut$916874
=245  \\$aDie Musikpflege am Hofe der Kurfürsten von Mainz im 17. und 18. jahrhundert
=260  \\$aMainz$bWilckens$c1937
=300  \\$ax-139-[8] pages
=490  \\$aBeiträge zur geschichte der stadt Mainz$vBand II
=500  \\$aEx libris Wilhelm Ehmann, German musicologist, musician and conductor (1904-1989)
=561  \\$aEx libris Wilhelm Ehmann (plate)
=648  \0$a17th Century (1601-1700)$1http://www.wikidata.org/entity/Q7016$920923
=648  \0$a18th Century (1701-1800)$1http://www.wikidata.org/entity/Q7015$920899
=650  \0$aMusic history$1http://www.wikidata.org/entity/Q846047$921373
=650  \0$aCourt$1http://www.wikidata.org/entity/Q1134237$922191
=650  \0$aPatronage$1http://www.wikidata.org/entity/Q214092$94245
=650  \0$aMusician$1http://www.wikidata.org/entity/Q639669$93574
=651  \0$aMainz (Germany)$1http://www.wikidata.org/entity/Q1720$9217
=942  \\$cBOO
=952  \\$00$10$2ddc$40$6TOP_DE_MAI_5_000000000000000$70$8TOP$914883$aORPH$bORPH$cKTS0$l0$oTOP DE.MAI 5$p20131086$r2021-01-12 00:00:00$w2021-01-12$yBOO
=952  \\$00$10$2ddc$40$6TOP_DE_MAI_5_000000000000000$70$8TOP$926634$aORPH$bORPH$cKTS0$d2025-04-29$eKoopman$i42D29$l0$oTOP DE.MAI 5$p20120056$r2025-04-29 14:52:37$w2021-01-12$yBOO
=999  \\$d14895

