=LDR  00817aam a2200205   4500
=001  14896
=005  20250925143302.0
=008  130919s1912\\\\\\\\\\\\\\\\\\\\\\0\ger
=041  \\$ager
=100  \\$4aut$aBreithaupt, Rudolf M.$916875
=245  \\$aDie natürliche Klaviertechnik
=260  \\$aLeipzig$bKahnt$c1912
=300  \\$a804 pages
=648  \0$a20th Century (1901-2000)$1http://www.wikidata.org/entity/Q6927$920936
=650  \0$aKeyboard instrument$1http://www.wikidata.org/entity/Q52954$92849
=650  \0$aMethod$1http://www.wikidata.org/entity/Q2250960$921402
=651  \0$aGermany$1http://www.wikidata.org/entity/Q183$9155
=942  \\$cBOO
=952  \\$00$10$2ddc$40$6INS_3_000000000000000_3C_BREI$70$8INS$914884$aORPH$bORPH$cKTS0$d2022-01-05$oINS3.3c BREI$p20125990$r2021-01-12 00:00:00$w2021-01-12$yBOO
=999  \\$d14896

