=LDR  00628aam a2200169   4500
=001  14909
=005  20230123102243.0
=008  161205s1960\\\\\\\\\\\\\\\\\\\\\\0\ger
=041  \\$ager
=100  \\$aFreudenburg, Gunter$4aut$916885
=245  \\$aDie Rolle von Schönheit und Kunt im System der Transzendentalphilosophie
=260  \\$aMeisenheim am Glan$bHain$c1960
=300  \\$a88 pages
=490  \\$aBeihefte zur Zeitschrift für philosophische Forschung$v13
=942  \\$cBOO
=952  \\$00$10$2ddc$40$6PHI_FREU_A$70$8PHI$914898$aORPH$bORPH$cKM12_3_2$d2021-08-12$g11.00$oPHI FREU a$p20133832$r2021-01-12 00:00:00$w2021-01-12$yBOO
=999  \\$d14909

