=LDR  00916aam a2200217   4500
=001  14911
=005  20250120120518.0
=008  140214s1944\\\\\\\\\\\\\\\\\\\\\\0\ger
=041  \\$ager
=100  \\$aDicaearchus$dc. 350-285 BC$4aut$1http://www.wikidata.org/entity/Q352621$922697
=245  \\$aDikaiarchos
=260  \\$aBasel$bSchwabe$c1944
=300  \\$a80 pages
=490  \\$aDie Schule des Aristoteles: Texte und Kommentar$v1
=600  \0$aAristoteles$d384-322 BC$1http://www.wikidata.org/entity/Q868$94906
=648  \0$aClassical Antiquity (8th Century BC-6th Century AD)$1http://www.wikidata.org/entity/Q486761$921435
=650  \0$aPhilosophy$1http://www.wikidata.org/entity/Q5891$92357
=700  \\$4cmm$aWehrli, Fritz$916887
=942  \\$cBOO
=952  \\$00$10$2ddc$40$6PHI_ARIS_B_WEHR$70$8PHI$914900$aORPH$bORPH$cKM12_3_2$d2021-08-05$g71.00$oPHI ARIS b WEHR$p20133095$r2021-01-12 00:00:00$w2021-01-12$yBOO
=999  \\$d14911

