=LDR  00552aam a2200157   4500
=001  14912
=005  20230123102243.0
=008  140214s1945\\\\\\\\\\\\\\\\\\\\\\0\d
=041  \\$ager
=100  \\$aWehrli, Fritz$4aut$916887
=245  \\$aDie Schule des Aristoteles: Texte und Kommentar: Heft 2: Aristoxenos
=260  \\$aBasel$bBenno Schwabe & Co$c1945
=300  \\$a88
=942  \\$cBOO
=952  \\$00$10$2ddc$40$6PHI_ARIS_B_WEHR$70$8PHI$914902$aORPH$bORPH$cKM12_3_2$d2021-08-06$g25.00$oPHI ARIS b WEHR$p20133235$r2021-01-12 00:00:00$w2021-01-12$yBOO
=999  \\$c14912$d14912

