=LDR  00535aam a2200157   4500
=001  14913
=005  20250120120022.0
=008  150521s1916\\\\\\\\\\\\\\\\\\\\\\0\d
=041  \\$ager
=100  \\$aNatorp, Paul$d1854-1924$4aut$1http://www.wikidata.org/entity/Q76504$915854
=245  \\$aDie seele des Deutschen
=260  \\$aLeipzig$bSpamerschen$c1916
=300  \\$a213
=942  \\$cBOO
=952  \\$00$10$2ddc$40$6PHI_NATO_A$70$8PHI$914903$aORPH$bORPH$cKM12_3_2$d2021-08-06$oPHI NATO a$p20133175$r2021-01-12 00:00:00$w2021-01-12$yBOO
=999  \\$c14913$d14913

