=LDR  00673aam a2200181   4500
=001  14915
=005  20250120120054.0
=008  201007s1986\\\\\\\\\\\\\\\\\\\\\\0\d
=020  \\$a3769600886
=041  \\$ager
=100  \\$4aut$aGöllner, Theodor$916890
=245  \\$a"Die Sieben Worte am Kreuz" bei Schütz und Haydn
=260  \\$aMünchen$bVerlag der Bayerischen Akademie der Wissenschaften$c1986
=300  \\$a130
=490  \\$aPhilosopisch-Historische Klasse$pAbhandlungen - neue Folge$vHeft 93
=942  \\$cBOO
=952  \\$00$10$2ddc$40$6BIO_SCHU5_E$70$8BIO$914905$aORPH$bORPH$cKTS1_P$d2021-10-19$g9.00$oBIO SCHU5 e$p20129603$r2021-01-12 00:00:00$w2021-01-12$yBOO
=999  \\$c14915$d14915

