=LDR  02521aam a2200241   4500
=001  14919
=005  20250925143302.0
=008  120711s2004\\\\\\\\\\\\\\\\\\\\\\0\ger
=020  \\$a97835151083751
=041  \\$ager
=100  \\$aCustodis, Michael$4aut$916894
=245  \\$aDie soziale Isolation der neuen Musik:$bZum Kölner Musikleben nach 1945
=260  \\$aStuttgart$bSteiner$c2004
=300  \\$a256 pages
=490  \\$aBeihefte zum Archiv für Musikwissenschaft$vLIV
=520  \\$aSeit dem Beginn des 20. Jahrhunderts ist die gesellschaftliche Position der neuen Musik am Rand des allgemeinen Musikbetriebs eines ihrer bestimmenden Merkmale, ein wesentlicher Identifikationspunkt ihrer Vertreter und gleichzeitg häufiger Angriffspunkt der diversen politischen, ideologischen und fachlichen Gegner.
Besonders deutlich tritt diese Entwicklung im Kölner Musikleben nach 1945 hervor: Einerseits existierten dort vielfältige künstlerische Netzwerke und elitäre Zirkel von Musikern, Komponisten und Funktionären. Andererseits wirkten dabei soziale, kulturelle und politische Dimensionen.
Öffentliche Institutionen wie der Westdeutsche Rundfunk und die Musikhochschule waren wesentliche Förderer der neuen Musik in den vergangenen Jahrzehnten. Sie bildeten den Rahmen, in dem Komponisten wie Karlheinz Stockhausen, Bernd Alois Zimmermann, Mauricio Kagel, John Cage und György Ligeti ihrerseits Musikgeschichte schreiben konnten.
Indem die Kernfrage nach der sozialen Isolation der neuen Musik am Beispiel des Kölner Musiklebens erörtert wird, präsentiert der Band zugleich unveröffentlichtes und unbekanntes Quellen- und Archivmaterial.
"&bringt das deutsche Nachkriegsmusikleben auf den Punkt [&] Hier traut sich ein Autor, & das aus der Musikgeschichte heraus gewonnene Wissen tagesaktuell interessant werden zu lassen. Das gelingt sonst selten  um nicht zu sagen: nie." fermate
"&absolut lesenswert" International Review of the Aesthetics and Sociology of Music
=648  \0$a20th Century (1901-2000)$1http://www.wikidata.org/entity/Q6927$920936
=650  \0$aMusic history$1http://www.wikidata.org/entity/Q846047$921373
=650  \0$aAvant-garde$1http://www.wikidata.org/entity/Q102932$921178
=651  \0$aCologne (Germany)$1http://www.wikidata.org/entity/Q365$921601
=942  \\$cBOO
=952  \\$00$10$2ddc$40$6TOP_DE_COL_7_000000000000000$70$8TOP$914909$aORPH$bORPH$cKTS0$d2022-09-02$g48.00$l1$oTOP DE.COL 7$p20111351$q2021-09-04$r2021-03-10 00:00:00$s2021-03-10$w2021-01-12$yBOO$VSteiner Verlag
=999  \\$d14919

