=LDR  00616aam a2200169   4500
=001  14921
=005  20230123102244.0
=008  150519s1968\\\\\\\\\\\\\\\\\\\\\\0\d
=041  \\$ager
=100  \\$aNau, Hans-Walter$4aut$916896
=245  \\$aDie systematische struktur von Eric Rothackers kulturbegriff
=260  \\$aBonn$bH. Bouvier & co verlag$c1968
=300  \\$a102
=490  \\$aAbhandlungen zur philosophie, psychologie und pädagogik$vBand 53
=942  \\$cBOO
=952  \\$00$10$2ddc$40$6PHI_ROTH_A$70$8PHI$914911$aORPH$bORPH$cKM12_3_2$d2021-08-06$oPHI ROTH a$p20133188$r2021-01-12 00:00:00$w2021-01-12$yBOO
=999  \\$c14921$d14921

