=LDR  00911aam a2200229   4500
=001  14925
=005  20250120120549.0
=008  150925s1974\\\\\\\\\\\\\\\\\\\\\\0\ger
=041  \\$ager
=100  \\$aHertin, Uta$4aut$916899
=245  \\$aDie Tonarten in der Französischen Chanson des 16. Jahrhunderts
=260  \\$aMunich$bKatzbichler$c1974
=300  \\$a204 pages
=490  \\$aSchriften zur Musik$v24
=561  \\$aEx libris KU Leuven (stamp)
=648  \0$a16th Century (1501-1600)$1http://www.wikidata.org/entity/Q7017$920944
=650  \0$aSong$1http://www.wikidata.org/entity/Q7366$94164
=650  \0$aTotalitarianism$1http://www.wikidata.org/entity/Q128135$923757
=651  \0$aFrance$1http://www.wikidata.org/entity/Q142$9131
=942  \\$cBOO
=952  \\$00$10$2ddc$40$6TOP_FR_4_000000000000000$70$8TOP$914915$aORPH$bORPH$cKTS0$d2022-07-08$oTOP FR 4$p20134942$r2021-01-12 00:00:00$w2021-01-12$yBOO
=999  \\$d14925

