=LDR  00640aam a2200181   4500
=001  14939
=005  20230123102246.0
=008  140411s1995\\\\\\\\\\\\\\\\\\\\\\0\e
=020  \\$a9783110147094
=041  \\$aeng
=100  \\$aBishop, Paul$4aut$916908
=245  \\$aThe Dionysian self: C.G. Jung's reception of Friedrich Nietzsche
=260  \\$aBerlin$bDe Gruyter$c1995
=300  \\$a411
=490  \\$aMonographien und Texte zur Nietzsche-Forschgung$v30
=942  \\$cBOO
=952  \\$00$10$2ddc$40$6PHI_NIET_B_BISH$70$8PHI$914930$aORPH$bORPH$cKM12_3_2$d2021-08-10$g158.00$oPHI NIET b BISH$p20133495$r2021-01-12 00:00:00$w2021-01-12$yBOO
=999  \\$c14939$d14939

