=LDR  00799aam a2200169   4500
=001  14941
=005  20230123102247.0
=008  180301s2016\\\\\\\\\\\\\\\\\\\\\\0\eng
=041  \\$aeng
=100  \\$aBerentsen, Niels$4aut$916910
=245  \\$aDiscantare super planum cantum: new approaches to vocal polyphonic improvisation 1300-1470
=260  \\$aThe Hague$c2016
=300  \\$a243 pages
=520  \\$aProefschrift ter verkrijging van de graad van Doctor aan de Universiteit Leiden op gezag van de Rector Magnificus prof. mr. C.J.J.M. Stolker, volgens besluit van het College voor promoties te verdedigen op 14 november 2016.
=942  \\$cDIS
=952  \\$00$10$2ddc$40$6MTP_5_000000000000000_BERE$70$8MTP$914932$aORPH$bORPH$cKM12_1$d2021-08-30$oMTP5 BERE$p20131334$r2021-01-12 00:00:00$w2021-01-12$yDIS
=999  \\$d14941

