=LDR  01367aam a2200181   4500
=001  14943
=005  20250120120014.0
=008  130821s1979\\\\\\\\\\\\\\\\\\\\\\0\e
=020  \\$a9780140137224
=041  \\$ae
=100  \\$aFoucault, Michel$d1926-1984$4aut$1http://www.wikidata.org/entity/Q44272$915787
=245  \\$aDiscipline and punish: The birth of the prison
=260  \\$aLondon$bPenguin Books$c1979
=300  \\$a333
=520  \\$aIn the Middle Ages there were gaols and dungeons, but punishment was for the most part a spectacle. The economic changes and growing popular dissent of the 18th century made necessary a more systematic control over the individual members of society, and this in effect meant a change from punishment, which chastised the body, to reform, which touched the soul. Foucault shows the development of the Western system of prisons, police organizations, administrative and legal hierarchies for social control - and the growth of disciplinary society as a whole. He also reveals that between school, factories, barracks and hospitals all share a common organization, in which it is possible to control the use of an individual's time and space hour by hour.
=942  \\$cBOO
=952  \\$00$10$2ddc$40$6PHI_FOUC_A$70$8PHI$914934$aORPH$bORPH$cKM12_3_2$d2021-08-09$g12.00$oPHI FOUC a$p20130541$r2021-01-12 00:00:00$w2021-01-12$yBOO
=999  \\$c14943$d14943

