=LDR  01502aam a2200169   4500
=001  14948
=005  20250120120049.0
=008  120307s2002\\\\\\\\\\\\\\\\\\\\\\0\\\\
=020  \\$a9782252033685
=100  \\$aLyotard, Jean-François$d1924-1998$4aut$916628
=245  \\$aDiscours, figure
=260  \\$aParis$bKlincksieck$c2002
=300  \\$a428
=520  \\$aDiscours, Figure constitue un parcours obligé pour qui veut comprendre la posture philosophique de Jean-François Lyotard (1924-1998) et saisir la cohérence de sa pensée. L'ouvrage, qui précède de peu l'Economie libidinale (1974), s'inscrit dans le projet, jamais démenti par la suite, d'une « critique pratique de l'idéologie ».Toutefois, Discours, Figure ne traite ni d'économie politique ni d'histoire mais de peinture ou, plus exactement, de cet « espace figural » présent aussi bien dans le discours que dans la figure. « Il y a une connivence radicale de la figure et du désir » affirme le philosophe mais, à l'inverse de Freud, qui ignore les expériences de la modernité artistique et tente de réduire cette connivence au langage et à la « bonne forme », Lyotard assimile le figural à une dynamique énergétique qui transgresse les codes habituels de la lecture d'images, qu'il s'agisse des tableaux de Cézanne, de Klee ou de Monory.


=942  \\$cBOO
=952  \\$00$10$2ddc$40$6PHI_LYOT_A$70$8PHI$914939$aORPH$bORPH$cKM12_3_2$d2021-08-17$g29.45$oPHI LYOT a$p20133842$r2021-01-12 00:00:00$w2021-01-12$yBOO
=999  \\$c14948$d14948

