=LDR  01976aam a2200229   4500
=001  14952
=005  20250708140043.0
=008  111122s2010\\\\\\\\\\\\\\\\\\\\\\0\eng
=020  \\$a9781847064455
=041  \\$aeng$hfre
=100  \\$4aut$aRancière, Jacques$d1940-$1http://www.wikidata.org/entity/Q467470$915781
=100  \\$aCorcoran, Steven$916916
=245  \\$aDissensus:$bOn Politics and Aesthetics
=260  \\$aLondon$bContinuum$c2010
=300  \\$a230
=520  \\$aDissensus: On Politics and Aesthetics brings together some of Jacques Rancière's most recent writings on art and politics to show the critical potential of two of his most important concepts: the aesthetics of politics and the politics of aesthetics.

In this fascinating collection, Rancière engages in a radical critique of some of his major contemporaries on questions of art and politics: Gilles Deleuze, Antonio Negri, Giorgio Agamben, Alain Badiou and Jacques Derrida. The essays show how Rancière's ideas can be used to analyse contemporary trends in both art and politics, including the events surrounding 9/11, war in the contemporary consensual age, and the ethical turn of aesthetics and politics. Rancière elaborates new directions for the concepts of politics and communism, as well as the notion of what a 'politics of art' might be.

This important collection includes several essays that have never previously been published in English, as well as a brand new afterword. Together these essays serve as a superb introduction to the work of one of the world's most influential contemporary thinkers.
=648  \0$a21st Century (2001-2100)$1http://www.wikidata.org/entity/Q6939$920812
=650  \0$aPhilosophy$1http://www.wikidata.org/entity/Q5891$92357
=651  \0$aFrance$1http://www.wikidata.org/entity/Q142$9131
=942  \\$cBOO
=952  \\$00$10$2ddc$40$6PHI_RANC_A$70$8PHI$914944$aORPH$bORPH$cKM12_3_2$d2021-08-04$oPHI RANC a$p20133044$r2021-01-12 00:00:00$w2021-01-12$yBOO
=999  \\$d14952

