=LDR  01683aam a2200193   4500
=001  14953
=005  20250120120015.0
=008  120113s1973\\\\\\\\\\\\\\\\\\\\\\0\d
=020  \\$a3518293141
=041  \\$ager
=100  \\$aAdorno, Theodor W.$d1903-1969$4aut$1http://www.wikidata.org/entity/Q152388$915795
=245  \\$aDissonanzen: Einleitung in die musiksoziologie
=260  \\$aDarmstadt$bWissenschaftliche Buchgesellschaft$c1973
=300  \\$a447
=520  \\$a"Die Dissonanzen" gehören zu den Werken Adornos, die in der Öffentlichkeit einen starken Widerhall gefunden haben. - Bestimmte Themenstellungen dieser Aufsätze wurden wiederaufgenommen und weiterentwickelt in den Vorlesungen zur Einleitung in die Musiksoziologie, die Adorno im Wintersemester 1961/1962 in Frankfurt hielt und 1962 als Buch veröffentlichte. Hier werden die Beziehungen zwischen Musik und Gesellschaft in den vielfältigen Formen der Vermittlung, Verfremdung und Verblendung bis hin zur Gängelung untersucht, jedoch nicht in der bloßen Gegenüberstellung von musikalischer Produktion und musikalischer Rezeption. Vielmehr werden in den musikalischen Gebilden selbst gesellschaftliche Momente aufgespürt und dann wieder in Beziehung gesetzt zu allgemeinen gesellschaftlichen Phänomenen einerseits und zum musikalischen Leben andererseits. Die Vorlesungen zielen von verschiedenen Richtungen her zu dem zentralen Thema jeder Musiksoziologie, der gesellschaftlichen Vermittlung von Musik.
=490  \\$aGesammelte Schriften$v14
=942  \\$cBOO
=952  \\$00$10$2ddc$40$6PHI_ADOR_A$70$8PHI$914945$aORPH$bORPH$cKM12_3_2$d2021-08-03$oPHI ADOR a$p20132903$r2021-01-12 00:00:00$w2021-01-12$yBOO
=999  \\$c14953$d14953

