=LDR  00580aam a2200169   4500
=001  14961
=005  20250821151910.0
=008  170629s\\\\\\\\\\\\\\\\\\\\\\\\\\0\f
=041  \\$af
=100  \\$4Compositeur$aLalo, Edouard$d1823-1892$1http://www.wikidata.org/entity/Q224002$939481
=245  \\$aDivertissment pour orchestre
=260  \\$aParis$bG. Hartmann
=300  \\$a92
=520  \\$a1. Introduction et allegretto
2. Vivace
3. Andantino
4. Finale
=942  \\$cSCO
=952  \\$00$10$40$70$8SCO$914953$aORPH$bORPH$cKTS1_P$d2021-01-12$l0$r2021-01-12 00:00:00$w2021-01-12$ySCO
=999  \\$c14961$d14961

