=LDR  01165aam a2200217   4500
=001  14962
=005  20251009081720.0
=008  120907s2010\\\\\\\\\\\\\\\\\\\\\\0\f
=020  \\$a9782913734067
=041  \\$af
=041  \\$ae
=100  \\$4edt$aRoullier, Pierre$916931
=245  \\$aDmitri Kourliandski : la musique objective
=260  \\$aChampigny sur Marne$bl'Ensemble 2e2m$c2010
=300  \\$a129
=520  \\$aHow can we get to know the world of a composer today? How can we get to understand what motivates his imagination through the diversity of his works? This seventh book from the collection  À la ligne  is dedicated to Dmitri Kourliandski, a Russian composer who was born in 1976.

Dmitri Kourliandskis music completely excludes traditional instrumental sounds. His works can be compared to kinetic objects which produce sounds only when the mechanism is wound up.

Pierre Roullier

bilingual publication French - English
=546  \\$aF / E
=490  \\$aà la ligne$v7
=942  \\$cBOO
=952  \\$00$10$2ddc$40$6BIO_KOUR_B$70$8BIO$914954$aORPH$bORPH$cKTS1_P$d2021-10-19$g10.00$oBIO KOUR b$p20129835$r2021-01-12 00:00:00$w2021-01-12$yBOO
=999  \\$c14962$d14962

