=LDR  02501aam a2200277   4500
=001  14964
=005  20250925143302.0
=008  120417s1996\\\\\\\\\\\\\\\\\\\\\\f\dut
=020  \\$a9789029530323
=041  \\$adut$hger
=100  \\$aMann, Thomas$d1875-1955$4aut$1http://www.wikidata.org/entity/Q37030$916933
=245  \\$aDoctor Faustus:$bHet leven van de Duitse toondichter Adrian Leverkuhn, verteld door een vriend
=260  \\$aAntwerpen$bArbeiderspers$c1996
=300  \\$a579 pages
=520  \\$aHet tragische levensverhaal van Adrian Leverkühn, een componist die evenals de mythische Faust vierentwintig jaar van wonderbaarlijke, trotse scheppingskracht ruilt voor een eeuwige verdoemenis. Het drama van de naar Friedrich Nietzsche gemodelleerde Leverkühn strekt zich uit van het einde van de negentiende eeuw tot het einde van de laatste wereldoorlog. Het boek is daarmee tevens een monumentale verbeelding van de opkomst, triomf en neergang van het nationaal-socialisme én een schildering van het andere, verstoten Duitsland, de wereld van de Duitse klassieken en het filosofisch idealisme. Mann belicht de tweeslachtigheid van de Duitse traditie: Duitsland als grensgebied tussen Oost en West, tussen autoritaire en democratische invloeden, romantiek en redelijkheid. Dankzij Thomas Manns voortreffelijke stijl en geraffineerde montagetechniek vormen deze historische, culturele en filosofische verwijzingen echter geen ballast voor de leesbaarheid. Doctor Faustus is bovenal een enerverende, spannende roman.De belangrijkste titels van Thomas Mann, in de voortreffelijke vertaling van Pé Hawinkels, Thomas Graftdijk en Tinke Davids, verschijnen nu alle in een betaalbare, gebonden editie met omslagen van Alje Olthof en Sieb Posthuma. 

=534  \\$aOriginally published in 1947
=600  \0$aFaust$1http://www.wikidata.org/entity/Q332885$922646
=648  \0$a20th Century (1901-2000)$1http://www.wikidata.org/entity/Q6927$920936
=650  \0$aNovel$1http://www.wikidata.org/entity/Q8261$921629
=650  \0$aComposer$1http://www.wikidata.org/entity/Q36834$93625
=650  \0$aPasticcio$1http://www.wikidata.org/entity/Q674448$923528
=651  \0$aGermany$1http://www.wikidata.org/entity/Q183$9155
=765  \\$aDoktor Faustus: Das Leben des deutschen Tonsetzers Adrian Leverkühn, erzählt von einem Freunde
=942  \\$cBOO
=952  \\$00$10$2ddc$40$6LIT_MANN_A$70$8LIT$914956$aORPH$bORPH$cKM12_2_H$d2021-08-19$oLIT MANN a$p20134016$r2021-01-12 00:00:00$w2021-01-12$yBOO
=999  \\$d14964

