=LDR  00881aam a2200205   4500
=001  14965
=005  20250925143302.0
=008  170124s1968\\\\\\\\\\\\\\\\\\\\\\0\ger
=041  \\$ager$hhun
=100  \\$4edt$aDille, Denijs$d1904-2005$1http://www.wikidata.org/entity/Q2428060$916252
=245  \\$aDocumenta Bartokiana vol. 3
=260  \\$aBudapest$bAkadémiai Kiado$c1968
=300  \\$a325 pages
=600  \0$aBartók, Béla$d1881-1945$1http://www.wikidata.org/entity/Q83326$916182
=648  \0$a20th Century (1901-2000)$1http://www.wikidata.org/entity/Q6927$920936
=650  \0$aBiography$1http://www.wikidata.org/entity/Q36279$91927
=650  \0$aComposer$1http://www.wikidata.org/entity/Q36834$93625
=942  \\$cBOO
=952  \\$00$10$2ddc$40$6BIO_BART_B$70$8BIO$914957$aORPH$bORPH$cKTS1_P$d2021-10-19$g35.00$oBIO BART b$p20129624$r2021-01-12 00:00:00$w2021-01-12$yBOO
=999  \\$c14965$d14965

