=LDR  02315aam a2200217   4500
=001  14969
=005  20250120120055.0
=008  130429s2006\\\\\\\\\\\\\\\\\\\\\\0\e
=020  \\$a9780262162371
=041  \\$aeng
=245  \\$aDoes Consciousness Cause Behavior?
=260  \\$aCambridge, MA$bMIT Press$c2006
=300  \\$a364 pages
=520  \\$aOur intuition tells us that we, our conscious selves, cause our own voluntary acts. Yet scientists have long questioned this; Thomas Huxley, for example, in 1874 compared mental events to a steam whistle that contributes nothing to the work of a locomotive. New experimental evidence (most notable, work by Benjamin Libet and Daniel Wegner) has brought the causal status of human behavior back to the forefront of intellectual discussion. This multidisciplinary collection advances the debate, approaching the question from a variety of perspectives.The contributors begin by examining recent research in neuroscience that suggests that consciousness does not cause behavior, offering the outline of an empirically based model that shows how the brain causes behavior and where consciousness might fit in. Other contributors address the philosophical presuppositions that may have informed the empirical studies, raising questions about what can be legitimately concluded about the existence of free will from Libet's and Wegner's experimental results. Others examine the effect recent psychological and neuroscientific research could have on legal, social, and moral judgments of responsibility and blame--in situations including a Clockwork Orange-like scenario of behavior correction.Contributors:William P. Banks, Timothy Bayne, Sarah-Jayne Blakemore, Suparna Choudhury, Walter J. Freeman, Shaun Gallagher, Susan Hurley, Marc Jeannerod, Leonard V. Kaplan, Hakwan Lau, Sabine Maasen, Bertram F. Malle, Alfred R. Mele, Elisabeth Pacherie, Richard Passingham, Susan Pockett, Wolfgang Prinz, Peter W. Ross
=650  \0$aPhilosophy$1http://www.wikidata.org/entity/Q5891$92357
=700  \\$4edt$aPockett, Susan$916938
=700  \\$4edt$aBanks, William P.$916936
=700  \\$4edt$aGallagher, Shaun$916937
=942  \\$cBOO
=952  \\$00$10$2ddc$40$6PHI_POCK_A$70$8PHI$914961$aORPH$bORPH$cKM12_3_2$d2021-08-02$oPHI POCK a$p20132858$r2021-01-12 00:00:00$w2021-01-12$yBOO
=999  \\$d14969

