=LDR  01325aam a2200181   4500
=001  14970
=005  20230123102251.0
=008  120425s1998\\\\\\\\\\\\\\\\\\\\\\0\eng
=020  \\$a9780761959755
=041  \\$aeng
=100  \\$aHart, Chris$4aut$916939
=245  \\$aDoing a Literature Review: Releasing the Social Science Research Imagination
=260  \\$aLondon$bSage Publications$c1998
=300  \\$a230 pages
=520  \\$aThis book can provide an excellent framework for bolstering what is often an experiential process - doing a literature review. It is best seen alongside the supervisor, as a guide, through the multidimensional sea of academic literature' - British Educational Research Journal


`I have been waiting for this book for five years. It sets out a number of important dimensions involved in the process of literature review and by clear signposting, diagrams, and examples will help the student to carry out her or his review more systematically. Learning how to carry out a literature review has always entailed the experiential. While this is a the best way of learning, it is only so providing that learning actually tak



=942  \\$cBOO
=952  \\$00$10$2ddc$40$6REF_2_000000000000000_HART$70$8REF$914962$aORPH$bORPH$cKM12_1$d2021-08-24$oREF2 HART$p20131134$r2021-01-12 00:00:00$w2021-01-12$yBOO
=999  \\$d14970

