=LDR  01463aam a2200193   4500
=001  14971
=005  20230123102252.0
=008  120827s2005\\\\\\\\\\\\\\\\\\\\\\0\eng
=020  \\$a9781412901970
=041  \\$aeng
=100  \\$aSilverman, David$4aut$916940
=245  \\$aDoing qualitative research
=250  \\$a2
=260  \\$aLondon$bSage Publications$c2005
=300  \\$a395 pages
=520  \\$aDavid Silverman's seminal Doing Qualitative Research can justifiably claim to be `the supervisor in your pocket' for all PhD and Masters students embarking on their own qualitative research project.
This hugely popular textbook has been fully revised and updated and is one of the few books available that can claim to be essential reading for anyone planning their own research project.

Written in a lively, accessible style, this step-by-step guide provides answers to all the questions students ask when beginning their first research project. Silverman demonstrates how to learn the craft of qualitative research by applying knowledge about different methods to actual data. He provides practical advice on key issues, such as: defining `originality' and narrowing down a topic; keeping a research diary and writing a research report; and presenting research to different audiences.
=942  \\$cBOO
=952  \\$00$10$2ddc$40$6REF_2_000000000000000_SILV$70$8REF$914963$aORPH$bORPH$cKM12_1$d2021-08-24$oREF2 SILV$p20131188$r2021-01-12 00:00:00$w2021-01-12$yBOO
=999  \\$d14971

