=LDR  02980aam a2200277   4500
=001  14975
=005  20250121142131.0
=008  180417s2015\\\\\\\\\\\\\\\\\\\\\\0\eng
=041  \\$aeng
=100  \\$aBraga, Inês de Avena$4aut$916947
=245  \\$aDolce Napoli:$bApproaches for Performance: Recorders for the Neapolitan Baroque Repertoire, 1695-1759
=260  \\$aLeiden$bLeiden University, Faculty of Humanities, Academy of Creative and Performing Arts$c2015
=300  \\$a425 pages
=500  \\$aProefschrift ter verkrijging van de graad van Doctor aan de Universiteit Leiden op gezag van de Rector Magnificus prof. mr. C.J.J.M. Stolker, volgens besluit van het College voor promoties te verdedigen op 2 juli 2015.
=520  \\$aThis thesis examined two previously neglected topics, Baroque Italian recorders and the Neapolitan Baroque repertoire for the recorder, and then combined both aspects. First, information was collected on all Italian Baroque recorders currently known, including biographical references about the makers of these recorders, as well as technical drawings, measurements and photographs. The practical experience with the copies of a few of those recorders was described by the author. Second, the Baroque repertoire composed in Naples for the recorder was researched, uncovering a rich and forgotten corpus of music written and copied between 1695 and 1759. The Neapolitan recorder works were also listed with a brief analysis and further commentary on the recorder part, with a view of connecting the works with the instruments that might have once been used to play them. Furthermore, an overview of the social and cultural atmosphere of Naples in the early eighteenth century was offered as contextualization to the musical ambience, aided by iconographical references. Conclusions on performance practice are presented as a result of the combination of both research aspects. The artistic outcome of this study has brought together, also in performance, the two main aspects of the research: 'new' instruments and 'new' works.
=648  \0$1http://www.wikidata.org/entity/Q7016$a17th Century (1601-1700)$920923
=648  \0$1http://www.wikidata.org/entity/Q7015$a18th Century (1701-1800)$920899
=650  \0$1http://www.wikidata.org/entity/Q187851$aRecorder$91903
=650  \0$1http://www.wikidata.org/entity/Q899293$aOrganology$921400
=650  \0$1http://www.wikidata.org/entity/Q1344860$aHistorically informed performance$920980
=650  \0$aMusic history$1http://www.wikidata.org/entity/Q846047$921373
=651  \0$1http://www.wikidata.org/entity/Q2634$aNaples (Italy)$921
=942  \\$cDIS
=952  \\$00$10$2ddc$40$6INS_6_000000000000000_1D_AVEN$70$8INS$95545$aORPH$bORPH$cKTS0$d2020-07-08$eKoopman$i45G24$oINS6.1d AVEN$p20127542$r2021-01-12 00:00:00$w2021-01-12$yBOO
=952  \\$00$10$2ddc$40$6MTP_5_000000000000000_BRAG$70$8MTP$914967$aORPH$bORPH$cKM12_1$d2021-08-30$oMTP5 BRAG$p20131341$r2021-01-12 00:00:00$w2021-01-12$yDIS
=999  \\$d14975

