=LDR  00883acm a2200205   4500
=001  14980
=005  20250120120407.0
=008  180420s\\\\\\\\\\\\\p\\\\\\\\\\\\0\eng\d
=100  \\$4cmp$aDonizetti, Gaetano$d1797-1848$1http://www.wikidata.org/entity/Q101698$96715
=245  \\$aDonizetti's Favorite Opera Lucia di Lammermoor Edited for the Piano Forte
=260  \\$aLondon$bBoosey$cs.d.
=300  \\$a85 pages
=490  \\$aBoosey & Sons' Edition CF Standard Foreign Operas for Piano Solo$v8
=648  \0$a19th Century (1801-1900)$1http://www.wikidata.org/entity/Q6955$920935
=650  \0$aOpera$1http://www.wikidata.org/entity/Q1344$92468
=651  \0$aItaly$1http://www.wikidata.org/entity/Q38$922
=700  \\$4arr$aRockstro, W. S.$916954
=942  \\$cSCO
=952  \\$00$10$2ddc$40$70$8SCO$914972$aORPH$bORPH$cKTS1_P$d2022-03-14$p20130149$r2021-01-12 00:00:00$w2021-01-12$ySCO
=999  \\$d14980

