=LDR  02301aam a2200241   4500
=001  14984
=005  20250925143302.0
=008  120202s2003\\\\\\\\\\\\\\\\\\\\\\0\dut
=020  \\$a9051669216
=041  \\$adut
=100  \\$aMaas, Sander van$4aut$920264
=245  \\$aDoorbraak en idolatrie:$bOlivier Messiaen en het geloof in muziek
=260  \\$aDelft$bEburon$c2003
=300  \\$a364 pages
=520  \\$aBestaat er in onze 'seculiere' tijd nog zoiets als religieuze muziek? Wat betekent het, wanneer een hedendaagse componist spreekt over het religieuze karakter van zijn werk? Aan de hand van een bespiegeling over de relatie tussen muziek en religie, wordt onder-zocht hoe de muziek van de Franse componist Olivier Messiaen (1908-1992) in onze tijd begrepen kan worden als een religieuze muziek. Wat is er nog over van de traditionele muziek-theologie met zijn musica sacra et profana? Wat zegt het idee van religieuze muziek ons nog? Bestaat er nog een taal om muziek te begrijpen die een zo indringend effect op ons hebben? De zoektocht naar de antwoorden op deze vragen leidt naar een nieuw inzicht in de kracht van muziek en naar onvermoede verbanden met het denken in de huidige tijd.

Doorbraak en idolatrie is een interdisciplinaire studie naar de relatie muziek en religie in het werk van Olivier Messiaen. Zijn indrukwekkende oeuvre dient als uitgangspunt voor een meer algemene filosofisch-esthetische reflectie over muziek en religie. De gehanteerde benadering maakt het werk interessant voor musicologen, theologen en kunstfilosofen, voor musici en liefhebbers van Messiaen.

Sander van Maas was als docent en onderzoeker verbonden aan de Universiteit van Amsterdam. Momenteel doceert hij muziek-esthetica aan het Conservatorium van Amsterdam.
=600  \0$aMessiaen, Olivier$d1908-1992$1http://www.wikidata.org/entity/Q151593$95134
=648  \0$a20th Century (1901-2000)$1http://www.wikidata.org/entity/Q6927$920936
=650  \0$aComposer$1http://www.wikidata.org/entity/Q36834$93625
=650  \0$aReligion$1http://www.wikidata.org/entity/Q9174$93062
=651  \0$aFrance$1http://www.wikidata.org/entity/Q142$9131
=942  \\$cBOO
=952  \\$00$10$2ddc$40$6BIO_MESS_E$70$8BIO$914976$aORPH$bORPH$cKTS1_P$d2022-01-05$oBIO MESS e$p20126016$r2021-01-12 00:00:00$w2021-01-12$yBOO
=999  \\$d14984

