=LDR  01173aam a2200265   4500
=001  14985
=005  20250120120416.0
=008  180919s1905\\\\\\\\\\\\\\\\\\\\\\0ddut
=041  \\$adut$hfre
=100  \\$aSay, Anne$4aut$916957
=245  \\$aDoor Wagner's drama
=260  \\$aGent$bVolksdrukkerij$c1905
=300  \\$a77 pages
=490  \\$aAbonnement Germinal$vTweede jaargang, nr. 9
=500  \\$aDiscusses Wagner's operas Tannhäuser, Die Meistersinger von Nürnberg, Lohengrin, Der Ring des Nibelungen, Tristan und Isolde, and Parsifal
=534  \\$aOriginally published in French in 1904
=590  \\$avertaald door X...
=600  \0$aWagner, Richard$d1813-1883$1http://www.wikidata.org/entity/Q1511$97120
=648  \0$a19th Century (1801-1900)$1http://www.wikidata.org/entity/Q6955$920935
=650  \0$aOpera$1http://www.wikidata.org/entity/Q1344$92468
=651  \0$aGermany$1http://www.wikidata.org/entity/Q183$9155
=765  \\$aÀ travers le drame wagnérien
=942  \\$cBOO
=952  \\$00$10$2ddc$40$6KTS_1_000000000000000_C3_15_19$70$8RAR$914977$aORPH$bORPH$cKTS1_C3$d2021-09-08$oKTS1 C3.15 (19)$p20136419$r2021-01-12 00:00:00$w2021-01-12$yBOO
=999  \\$c14985$d14985

