=LDR  00935aam a2200205   4500
=001  14986
=005  20250120120509.0
=008  150925s1925\\\\-gwg\\\\\\\\\\\\\\0\ger
=041  \\$ager
=100  \\$aKinsky, Georg$d1882-1951$4aut$94997
=245  \\$aDoppelrohrblatt-Instrumente mit Windkapsel.$bEin Beitrag zur Geschichte der Blasinstrumente im 16. und 17. Jahrhundert
=250  \\$aHeft 2
=260  \\$aLeipzig$bFr. Kistner & C.F.W. Siegel$c1925
=300  \\$a296 pages
=505  \\$gPlaterpfeifen, Doppioni, Krummhörner, Dolzainen, Cornamusem, Rauschpfeisen und Poitou-Schalmeien, Schreierpfeifen, Kortholte.
=650  \0$aDouble reed$1http://www.wikidata.org/entity/Q29811838$922456
=650  \0$aMusic history$1http://www.wikidata.org/entity/Q846047$921373
=942  \\$cBOO
=952  \\$00$10$2ddc$40$6INS_6_000000000000000_9A$70$8INS$914978$aORPH$bORPH$cKTS0$d2021-11-08$oINS6.9a$p20131029$r2021-01-12 00:00:00$w2021-01-12$yBOO
=999  \\$d14986

