=LDR  01196aam a2200181   4500
=001  14988
=005  20250120120007.0
=008  130326s2012\\\\\\\\\\\\\\\\\\\\\\0\e
=020  \\$a9789172473072
=041  \\$aeng
=100  \\$aLilja, Efva$4aut$915698
=245  \\$aDo you get what i'm not saying?: On dance as a Subversive declaration of love
=260  \\$aSweden$bEllerströms$c2012
=300  \\$a115
=520  \\$aAll my life I have observed and studied how and why people move. As a choreographer I use my observations and try out different expressions. Through dance, text and imagery I invite all of us into a loveful concept where everything is possible. I write about art and survival strategies. I write to provide fresh power in lifes uphill challenges and to drive out the treacherous feeling of loneliness that kicks in when you face your own shortcomings. I write about the search for meaning in a philosophical sense with my own attitude to choreography, artistry and love as a starting point. A poesy of dance.
 

=942  \\$cBOO
=952  \\$00$10$2ddc$40$6LIT_LILJ_A$70$8LIT$914980$aORPH$bORPH$cKM12_2_H$d2021-08-30$oLIT LILJ a$p20131309$r2021-01-12 00:00:00$w2021-01-12$yBOO
=999  \\$c14988$d14988

