=LDR  02435aam a2200217   4500
=001  14990
=005  20250120120015.0
=008  150209s2010\\\\\\\a\\\\\\\\\\\\\\0\eng\d
=020  \\$a9780199730322
=041  \\$aeng
=100  \\$aPuchner, Martin$4aut$916960
=245  \\$aThe Drama of Ideas:$bPlatonic Provocations in Theater and Philosophy
=260  \\$aOxford$bOxford University Press$c2010
=300  \\$a254 pages
=520  \\$aMost philosophy makes little mention of the theater except to denounce it as a place of illusion and moral decay. The theater has tended to respond in kind by steering away from philosophy, driven by the notion that theater consists of actions, not ideas. The Drama of Ideas argues that despite this mutual evasion, the histories of philosophy and theater have in fact been crucially intertwined. Appointing Plato as a hinge figure, Puchner traces this alternative tradition as well as recounting the long-standing philosophical register in drama and philosophy's more recent theatrical shift. 

Moving from a consideration of Plato as a dramatist to those Renaissance playwrights who drew on Plato's chief character, Socrates, Puchner articulates an alternative history of the theater which places philosophy front and center. He believes that modern drama should be understood as Platonic, rather than anti-Aristotelian, as it is often labeled. When Oscar Wilde, George Bernard Shaw, August Strindberg, Luigi Pirandello, Georg Kaiser and Bertolt Brecht are contextualized in light of this alternative perspective, they emerge as major contributors to a drama of ideas. Philosophy underwent a corresponding theatrical shift in the modern era, most importantly through the work of Kierkegaard, Nietzsche, Sartre, and Camus. More recently, Kenneth Burke and Gilles Deleuze have used a theatrical models perspective through which to write the history of philosophy, while contemporary descendants of Plato's dramatic imagination include Iris Murdoch, Martha Nussbaum and Alain Badiou.
=600  \0$aPlato$d428/427-348/347 BC $1http://www.wikidata.org/entity/Q859$913315
=650  \0$aTheater$1http://www.wikidata.org/entity/Q24354$92225
=650  \0$aPhilosophy$1http://www.wikidata.org/entity/Q5891$92357
=942  \\$cBOO
=952  \\$00$10$2ddc$40$6PHI_PLAT_B_PUCH$70$8PHI$914982$aORPH$bORPH$cKM12_3_2$d2021-08-02$g18.00$l1$oPHI PLAT b PUCH$p20132851$r2021-03-10 00:00:00$s2021-03-10$w2021-01-12$yBOO
=999  \\$d14990

