=LDR  03123aam a2200265   4500
=001  14993
=005  20250925143302.0
=008  120126s2011\\\\\\\\\\\\\\\\\\\\\\0beng\d
=020  \\$a978199740208
=041  \\$aeng
=100  \\$aGrimshaw, Jeremy$4aut$916966
=245  \\$aDraw a Straight Line and Follow It:$bThe Music and Mysticism of La Monte Young
=260  \\$aNew York$bOxford University Press$c2011
=300  \\$a242 pages
=520  \\$aAlthough La Monte Young is one of the most important composers of the late twentieth century, he is also one of the most elusive. Generally recognized as the patriarch of the minimalist movement--Brian Eno once called him "the daddy of us all"--he nonetheless remains an enigma within the music world. Early in his career Young eschewed almost completely the conventional musical institutions of publishers, record labels, and venues, in order to create compositions completely unfettered by commercial concerns. At the same time, however, he exercised profound influence on such varied figures as Terry Riley, Cornelius Cardew, Andy Warhol, Yoko Ono, David Lang, Velvet Underground, and entire branches of electronica and drone music. For half a century he and his partner and collaborator, Marian Zazeela, have worked in near-seclusion in their Tribeca loft, creating works that explore the furthest extremes of conceptual audacity, technical sophistication, acoustical complexity, and overt spirituality. Because Young gives interviews only rarely, and almost never grants access to his extensive archives, his importance as a composer has heretofore not been matched by a commensurate amount of scholarly scrutiny. Draw A Straight Line and Follow It: The Music and Mysticism of La Monte Young stands as the first monograph to examine Young's life and work in detail. The book is a culmination of a decade of research, during which the author gained rare access to the composer and his archives. Though loosely structured upon the chronology of the composer's career, the book takes a multi-disciplinary approach that combines biography, musicology, ethnomusicology, and music analysis, and illuminates such seemingly disparate aspects of Young's work as integral serialism and indeterminacy, Mormon esoterica and Vedic mysticism, and psychedelia and psychoacoustics. The book is a long-awaited, in-depth look at one of America's most fascinating musical figures.
=600  \0$aYoung, La Monte$d1935-$1http://www.wikidata.org/entity/Q432822$924646
=648  \0$a20th Century (1901-2000)$1http://www.wikidata.org/entity/Q6927$920936
=650  \0$aComposer$1http://www.wikidata.org/entity/Q36834$93625
=650  \0$aAvant-garde$1http://www.wikidata.org/entity/Q102932$921178
=650  \0$aMinimalist music$1http://www.wikidata.org/entity/Q572901$923040
=650  \0$aMysticism$1http://www.wikidata.org/entity/Q45996$924645
=651  \0$aUSA$1http://www.wikidata.org/entity/Q30$943
=942  \\$cBOO
=952  \\$00$10$2ddc$40$6BIO_YOUN_D$70$8BIO$914985$aORPH$bORPH$cKTS1_P$d2022-08-12$g16.00$l0$oBIO YOUN d$p20129807$r2021-01-12 00:00:00$w2021-01-12$yBOO$Vamazon.co.uk
=999  \\$d14993

