=LDR  02210ajm a2200241   4500
=001  14996
=005  20250120115901.0
=008  150915s2007\\\\\\\\\\\\\\\\\\\\\\0\eng
=041  \\$aeng
=100  \\$4cmp$aBull, John$d1562-1628$1http://www.wikidata.org/entity/Q511463$97375
=245  \\$aDr. Bull's Jewel:$bKeyboard music of John Bull (1563-1628)
=260  \\$aNew York$bLyrichord$c2007
=300  \\$aCD$c68:56
=490  \\$aThe Lyrichord early music series
=505  \\$gBull's Goodnight -- Chromatic Pavan (Queen Elizabeth's) -- Chromatic Galliard -- The King's Hunt -- Walsingham -- Bonny Peg of Ramsey -- Fantastic Pavan -- Galliard to the Fantastic Pavan -- My Self -- In Nomine -- My Jewel -- The Quadran Pavan -- Galliard to the Quadran Pavan
=520  \\$aJohn Bull was an important member of the English Virginalist School of the late 16th, early 17th centuries with the likes of Sweelinck, Gibbons and Byrd. A prolific composer of music for the keyboard, Bull composed in a variety of styles and genres, and was one of the composers who witnessed and helped create the transition from The Renaissance to the Baroque. A protege of the great Ton Koopman, New York City born Kathryn Cok won first prize in the 2001 Early Music Competition for voice, organ and Harpsichord in Brunnenthal, Austria, was harpsichordist in the European Union Baroque Orchestra, has worked with orchestras such as the Amsterdam Baroque Orchestra, Musica ad Rhenum, is a co-founder of the Anglo-Dutch ensemble Het Caecilia-Concert, and has worked with other fine and notable early music groups in Europe and North America. She has recorded for Lyrichord (Dear Friends and Gentle Hearts, LEMS 8036) and for several European labels. This is her debut solo recording.
=648  \0$a16th Century (1501-1600)$1http://www.wikidata.org/entity/Q7017$920944
=650  \0$aKeyboard music$1http://www.wikidata.org/entity/Q105715630$921412
=651  \0$aUnited Kingdom$1http://www.wikidata.org/entity/Q21$9273
=700  \\$4prf$aCok, Kathryn$eHarpsichord$916189
=942  \\$cREC
=952  \\$00$10$2ddc$40$6REC_CD_BULL$70$8REC$914988$aORPH$bORPH$cKM12_2_B$d2022-08-31$l0$oREC CD BULL$p20115684$r2021-01-12 00:00:00$w2021-01-12$yREC
=999  \\$d14996

