=LDR  01036aam a2200193   4500
=001  14998
=005  20250120120056.0
=008  140116s1972\\\\\\\a\\\\\\\\\\\\\\0\ger\d
=041  \\$ager
=100  \\$aNajock, Dietmar$4edt$916972
=245  \\$aDrei anonyme griechische Traktate über die Musik:$bEine kommentierte Neuausgabe des Bellermannschen Anonymus
=260  \\$aGöttingen$bGöttinger Musikwissenschaftliche Arbeiten$c1972
=300  \\$a229 pages
=500  \\$aThe Anonymus Bellermanni is a collection of material on music, by one or more unknown authors, transmitted in a number of Byzantine manuscripts and first published by Johann Friedrich Bellermann in 1841
=648  \0$aClassical Antiquity (8th Century BC-6th Century AD)$1http://www.wikidata.org/entity/Q486761$921435
=650  \0$aMusic theory$1http://www.wikidata.org/entity/Q193544$92662
=942  \\$cBOO
=952  \\$00$10$2ddc$40$6TRE_BELL$70$8TRE$914990$aORPH$bORPH$cKTS1_H$d2014-01-13$l1$oTRE BELL$p20139098$r2022-06-08 00:00:00$s2021-03-12$v18.00$w2014-01-13$yBOO
=999  \\$d14998

