=LDR  03375aam a2200325   4500
=001  15004
=005  20251001162234.0
=008  120328s1998\\\\\\\\\\\\\\\\\\\\\\0\dut
=020  \\$a9789061686521
=041  \\$adut
=100  \\$aVisser, Gerard$4aut$916977
=245  \\$aDe druk van de beleving:$bFilosofie en kunst in een domein van overgang en ondergang
=260  \\$aAmsterdam$bSUN$c1998
=300  \\$a400 pages
=520  \\$aOnder ervaring verstaan wij vandaag beleving. Maar de Nederlandse woorden beleving en belevenis zijn nog geen driekwart eeuw oud. Zij zijn vertalingen van het Duitse 'Erlebnis', dat als substantief in de eerste helft van de negentiende eeuw werd gevormd en rond de eeuwwisseling is terug te vinden in alle stromingen van de Duitse filosofie, het principieelst in de levensfilosofie.
Wat wij beleving noemen dekt zich eveneens met de principes van het en plein air en de sensation vitale van de schilderkunst van het Franse impressionisme. Zoals de levensfilosofische bezinning uit is op de mogelijkheid van een niet-metafysisch denken, zo voltrekt het impressionisme de overgang van de traditionele naar de moderne schilderkunst.
Sociologen spreken tegenwoordig van de belevenismaatschappij. Maar wat houdt dat in? Wat is een beleving? Hoe heeft dit element zich in de vorige eeuw in kunst en filosofie gemanifesteerd? Het fascinerende is dat binnen een korte tijdspanne in het werk van enkele kunstenaars en filosofen iets beslissends is gebeurd wat zich bij ons innerlijk en maatschappelijk over een veel langere tijd voltrekt. Want de beleving blijkt hier een element van ondergang te zijn geweest.
De druk van de beleving traceert deze ondergang aan de hand van de filosofische projecten van Friedrich Nietzsche en Wilhelm Dilthey en de schilderkunst van Claude Monet - het sterven van het landschap in diens werk. De beleving blijkt dubbelzinnig. Want naast een nieuwe vrijheid ontplooit zich tevens een exploitatieve druk, die Nietzsche al tot een wil tot macht herleidt - beleving is pressie. Aan het slot worden Martin Heidegger en Walter Benjamin geraadpleegd, die beiden een onlosmakelijk verband zien tussen de houding van de beleving en het wezen van de moderne techniek.
=600  \0$1http://www.wikidata.org/entity/Q9358$aNietzsche, Friedrich Wilhelm$d1844-1900$915868
=600  \0$1http://www.wikidata.org/entity/Q60080$aDilthey, Wilhelm$d1833-1911$917135
=600  \0$1http://www.wikidata.org/entity/Q296$aMonet, Claude$d1840-1926$926286
=600  \0$1http://www.wikidata.org/entity/Q61078$aBenjamin, Walter$d1892-1940$918744
=600  \0$1http://www.wikidata.org/entity/Q48301$aHeidegger, Martin$d1889-1976$917538
=648  \0$a19th Century (1801-1900)$1http://www.wikidata.org/entity/Q6955$920935
=648  \0$a20th Century (1901-2000)$1http://www.wikidata.org/entity/Q6927$920936
=650  \0$aPhilosophy$1http://www.wikidata.org/entity/Q5891$92357
=650  \0$aAesthetics$1http://www.wikidata.org/entity/Q35986$921494
=650  \0$aExperience$1http://www.wikidata.org/entity/Q1355387$922565
=651  \0$1http://www.wikidata.org/entity/Q142$aFrance$9131
=651  \0$1http://www.wikidata.org/entity/Q183$aGermany$9155
=942  \\$cBOO
=952  \\$00$10$2ddc$40$6PHI_VISS_A$70$8PHI$914996$aORPH$bORPH$cKM12_3_2$d2021-08-06$g895.00$l1$oPHI VISS a$p20133195$r2023-06-07 00:00:00$s2023-03-23$w2021-01-12$yBOO
=999  \\$d15004

