=LDR  02077aam a2200205   4500
=001  15010
=005  20250120120015.0
=008  150317s2009\\\\\\\\\\\\\\\\\\\\\\0\ger
=020  \\$a9783837611571
=041  \\$ager
=100  \\$aHan, Byung-Chul$d1959-$4aut$1http://www.wikidata.org/entity/Q495875$915738
=245  \\$aDuft der Zeit:$bEin philosophischer Essay zur Kunst des Verweilens
=260  \\$aBielefeld$bTranscript verlag$c2009
=300  \\$a111
=520  \\$aVielfach sind die Pathologien des modernen Lebens als Pathologien der Zeiterfahrung beschrieben worden, zuletzt als Beschleunigung. Der Philosoph Byung-Chul Han zeigt in seinem Essay, dass diese Analysen das eigentliche Problem verfehlen. Das Gefühl, alles beschleunige sich, ist nur eines der Symptome einer tiefer liegenden Störung der Zeitwahrnehmung, die er 'Dyschronie' nennt. Die viel diskutierte Beschleunigungstheorie sieht - so seine provokante These - die eigentliche Zeitkrise nicht. Sie verdeckt sie sogar. Han beschreibt die pathologischen Erscheinungen der Dyschronie und schlägt eine Zeitpraxis vor, die zu einer möglichen Heilung führt. In einer spannenden historischen Zeitreise zeigt der Essay, dass die Verabsolutierung der vita activa zu einem Verlust von Zeit und Welt, von Sinn und Dauer führt, begonnen in der Neuzeit bis hin zur heutigen Aktivgesellschaft, dass sie den Menschen zu einem Arbeiter, zum animal laborans degradiert. Nicht Strategien der Entschleunigung, sondern nur eine zeitgemäße Revitalisierung einer vita contemplativa, einer Kunst des Verweilens, vermag die vita activa auszubalancieren und nach dem Ende der großen Erzählungen Welt und Zeit wiederzugewinnen. Eine Zeit, die im Sinne Prousts einen Duft der erfüllten Zeit verströmt.
=648  \0$a21st Century (2001-2100)$1http://www.wikidata.org/entity/Q6939$920812
=650  \0$aPhilosophy$1http://www.wikidata.org/entity/Q5891$92357
=942  \\$cBOO
=952  \\$00$10$2ddc$40$6PHI_HAN_A$70$8PHI$915002$aORPH$bORPH$cKM12_3_2$d2021-07-29$g15.00$oPHI HAN a$p20132784$r2021-01-12 00:00:00$w2021-01-12$yBOO
=999  \\$d15010

