=LDR  01896aam a2200181   4500
=001  15012
=005  20250120120054.0
=008  130926s2011\\\\\\\\\\\\\\\\\\\\\\0\d
=020  \\$a9783518462102
=041  \\$ager
=100  \\$aSloterdijk, Peter$4aut$916892
=245  \\$aDu mußt dein Leben ändern: Über Anthropotechnik
=260  \\$aFrankfurt am Main$bSuhrkamp$c2011
=300  \\$a723
=520  \\$aIn seinem neuen großen Essay über die Natur des Menschen betreibt Peter Sloterdijk Märchen-Kritik: Als Kritik des Märchens von der Rückkehr der Religion könnte man seine Thesen verstehen. Doch nicht die Religion kehrt zurück. Es verschafft sich vielmehr etwas ganz Fundamentales in der Gegenwart Raum: Der Mensch als Übender, als sich durch Übungen selbst erzeugendes Wesen. Rainer Maria Rilke hat den Antrieb zu solchen Exerzitien zu Beginn des 20. Jahrhunderts in die Form gefaßt: »Du mußt dein Leben ändern.« In seinem Plädoyer für die Ausweitung der Übungszone des einzelnen wie der Gesellschaft entwirft Peter Sloterdijk eine grundlegende und grundlegend neue Anthropologie. Den Kern seiner Wissenschaft vom Menschen bildet die Einsicht von der Selbstbildung alles Humanen. Seine Aktivitäten wirken unablässig auf ihn zurück: die Arbeit auf den Arbeiter, die Kommunikation auf den Kommunizierenden, die Gefühle auf den Fühlenden ... Es sind die ausdrücklich übenden Menschen, die diese Existenzweise am deutlichsten verkörpern: Bauern, Arbeiter, Krieger, Schreiber, Yogi, Rhetoren, Instrumentalvirtuosen oder Models. Ihre Trainingspläne und Höchstleistungen versammelt dieses Buch zu einer vergnüglich-instruktiven Lektüre von den Übungen, die erforderlich sind, ein Mensch zu sein.

=942  \\$cBOO
=952  \\$00$10$2ddc$40$6PHI_SLOT_A$70$8PHI$915004$aORPH$bORPH$cKM12_3_2$d2021-08-18$g12.00$oPHI SLOT a$p20133963$r2021-01-12 00:00:00$w2021-01-12$yBOO
=999  \\$c15012$d15012

