=LDR  00965aam a2200193   4500
=001  15013
=005  20230123102259.0
=008  190819s1981\\\\\\\\\\\\\\\\\\\\\\0\e
=020  \\$a0193152258
=041  \\$aeng
=100  \\$aBent, Margaret$4aut$916984
=245  \\$aDunstaple
=260  \\$aLondon$bOxford university press$c1981
=300  \\$a92
=520  \\$aJohn Dunstaple (or Dunstable) (c. 1390 - 24 December 1453) was an English composer of polyphonic music of the late medieval era and early Renaissance. He was one of the most famous composers active in the early 15th century, a near-contemporary of Leonel Power, and was widely influential, not only in England but on the continent, especially in the developing style of the Burgundian School.
=490  \\$aOxford studies of composers$v17
=942  \\$cBOO
=952  \\$00$10$2ddc$40$6BIO_DUNS_D$70$8BIO$915005$aORPH$bORPH$cKTS1_P$d2021-10-19$oBIO DUNS d$p20129665$r2021-01-12 00:00:00$w2021-01-12$yBOO
=999  \\$c15013$d15013

