=LDR  02060aam a2200277   4500
=001  15018
=005  20250620103500.0
=008  150306s2009\\\\\\\\\\\\\\\\\\\\\\0\eng
=020  \\$a978949038024
=041  \\$aeng
=100  \\$aAssis, Paulo de$4aut$4win$1https://orcid.org/0000-0001-6238-1417$916044
=245  \\$aDynamics of Constraints:$bEssays on Notation, Editing and Performance
=260  \\$aLeuven$bUniversitaire Pers Leuven$c2009
=300  \\$a44 pages
=490  \\$aCollected writings of the Orpheus Institute$v3
=520  \\$aThe three essays of Dynamics of Constraints express some fundamental issues addressed by ORCiMs research group the musicians relation to notation. Paulo de Assis argues that critical editions should generate critical users, advocating for a new kind of editor and performer; Mieko Kannos contribution reflects the rapid expansion of the use of electronics in contemporary music, stating that every new work creates an original compositional environment, where the performers movement-sound co-ordination is given a new significance, while Juan Parra Cancino points towards a kind of composition, where both the performing and the listening experience don't aim to achieve a 'final' version of the piece  an entity that might ever manifest.
=650  \0$aNotation$1http://www.wikidata.org/entity/Q233861$91964
=650  \0$aUrtext edition$1http://www.wikidata.org/entity/Q2564985$923763
=650  \0$aPerformance$1http://www.wikidata.org/entity/Q6942562$926223
=650  \0$aArtistic research$1http://www.wikidata.org/entity/Q20827087$921804
=700  \\$aKanno, Mieko$4aut$916989
=700  \\$aParra Cancino, Juan$4aut$1https://orcid.org/0000-0002-9793-6539$916990
=942  \\$cBOO
=952  \\$00$10$2ddc$40$6MTP_1_000000000000000_ASSI$70$8MTP$915010$aORPH$bORPH$cKM12_1$g15.00$l0$oMTP1 ASSI$p20135633$r2021-01-12 00:00:00$w2021-01-12$yBOO
=952  \\$00$10$2ddc$40$6MTP_1_000000000000000_ASSI$70$8MTP$920779$aORPH$bORPH$cKM12_1$d2021-10-20$g15.00$l0$oMTP1 ASSI$p20131533$r2021-10-20 00:00:00$w2021-01-12$yBOO
=999  \\$d15018

