=LDR  01077aam a2200265   4500
=001  15019
=005  20250925143302.0
=008  201216s2003\\\\\\\\\\\\\b\\\\0\1\0|ger\d
=020  \\$a3767213567
=041  \\$ager
=245  \\$aDynamische Zeiten:$bDie 60er Jahre in den beiden deutschen Gesellschaften
=250  \\$a2nd ed.
=260  \\$aHamburg$bChristians$c2003
=300  \\$a831 pages
=648  \0$a20th Century (1901-2000)$1http://www.wikidata.org/entity/Q6927$920936
=650  \0$aSociology$1http://www.wikidata.org/entity/Q21201$924938
=650  \0$aIdeology$1http://www.wikidata.org/entity/Q7257$920984
=650  \0$aCultural history$1http://www.wikidata.org/entity/Q858517$922395
=651  \0$aGermany$1http://www.wikidata.org/entity/Q183$9155
=700  \\$4edt$aSchildt, Axel$916991
=700  \\$4edt$aSiegfried, Detlef$915703
=700  \\$4edt$aLammers, Karl Christian$916992
=942  \\$cBOO
=952  \\$00$10$2ddc$40$6TOP_DE_7_000000000000000$70$8TOP$915011$aORPH$bORPH$cKTS0$d2020-12-18$g144.80$oTOP DE 7$p20131110$r2022-06-03 00:00:00$w2021-01-12$yBOO
=999  \\$d15019

