=LDR  01654aam a2200253   4500
=001  15023
=005  20250109133419.0
=008  120203s1998\\\\\\\\\\\\\\\\\\\\\\0\eng
=020  \\$a9780393966954
=041  \\$aeng
=100  \\$aStrunk, Oliver$d1901-1980$1http://www.wikidata.org/entity/Q1266266$4edt$920308
=245  \\$aThe Early Christian Period and the Latin Middle Ages
=250  \\$aRev. ed.
=260  \\$aNew York$bNorton$c1998
=300  \\$a173 pages
=490  \\$aStrunk's Source Readings in Music History$v2
=520  \\$aIn The Early Christian Period and the Latin Middle Ages, we witness the merger of musica, then an abstract academic enterprise, and cantus, or practical music. The volume spans a millennium of writings, ranging from scriptural commentaries by St. Jerome and other fourth-century Church Fathers to an excerpt from Speculum musicae, an extensive fourteenth-century treatise by Jacques of Liège. Along the way we read from the works of St. Augustine, Boethius, Hildegard of Bingen, Guido of Arezzo, Franco of Cologne, and a score of others, all in impeccable English translations prepared or revised by James McKinnon.
=648  \0$aClassical Antiquity (8th Century BC-6th Century AD)$1http://www.wikidata.org/entity/Q486761$921435
=648  \0$aMiddle Ages (500-1400)$1http://www.wikidata.org/entity/Q12554$920964
=650  \0$aMusic history$1http://www.wikidata.org/entity/Q846047$921373
=700  \\$aMcKinnon, James$4edt$916993
=942  \\$cBOO
=952  \\$00$10$2ddc$40$6GHM_0_000000000000000$70$8GHM$915015$aORPH$bORPH$cKM12_1$d2022-10-07$l1$oGHM 0$p20134916$r2022-10-07 00:00:00$s2022-10-07$w2021-01-12$yBOO
=999  \\$d15023

