=LDR  01441aas a2200205   4500
=001  15032
=005  20251028151802.0
=008  190527i19812003\\\\\\\\\\\\\\\\\\0\eng\d
=041  \\$aeng
=100  \\$4edt$aFenlon, Iain$d1949-$916998
=245  \\$aEarly Music History:$bStudies in Medieval and Early Modern Music$n1-12; 22
=260  \\$aCambridge$bCambridge University Press$c1981-2003
=520  \\$aEarly Music History is devoted to the study of music from the early Middle Ages to the end of the seventeenth century. It demands the highest standards of scholarship from its contributors, all of whom are leading academics in their fields. It gives preference to studies pursuing interdisciplinary approaches and to those developing novel methodological ideas. The scope is exceptionally broad and includes manuscript studies, textual criticism, iconography, studies of the relationship between words and music and the relationship between music and society.
=648  \0$aMiddle Ages (500-1400)$1http://www.wikidata.org/entity/Q12554$920964
=648  \0$aRenaissance (1400-1600)$1http://www.wikidata.org/entity/Q4692$920965
=650  \0$aMusic history$1http://www.wikidata.org/entity/Q846047$921373
=650  \0$aMusical analysis$1http://www.wikidata.org/entity/Q1544924$92775
=942  \\$cBOO
=952  \\$00$10$40$6PER_EM2$70$8PER$911677$aORPH$bORPH$cKTS1_P$d2021-01-12$oPER EM2$p20129152$r2021-01-12 00:00:00$w2021-01-12$yPER$OKoopman
=999  \\$d15032

