=LDR  01960aam a2200241   4500
=001  15042
=005  20250925143302.0
=008  120104s1992\\\\\\\\\\\\\\\\\\\\\\0\eng
=020  \\$a9780521607445
=041  \\$aeng
=100  \\$aPhilip, Robert$4aut$916999
=245  \\$aEarly Recordings and Musical Style:$bChanging Tastes in Instrumental Performance 1900-1950
=260  \\$aCambridge$bCambridge University Press$c1992
=300  \\$a274 pages
=520  \\$aUntil recently, early recordings were regarded as little more than old-fashioned curiosities by musicians. Scholars and musicians now are beginning to realise their importance as historical documents which preserve the performance of composers and the musicians with whom they worked. In this fascinating study, Robert Philip argues that recordings of the early twentieth-century provide an important and hitherto neglected resource in the history of musical performance. The book concentrates on aspects of performance which underwent the greatest change in the early twentieth century, including rhythm, rubato, vibrato, and portamento. The final chapters explore some of the implications of these changes, both for the study of earlier periods and for the understanding of our own attitudes to the music of the past.
Show More 
Show Less 

=648  \0$a20th Century (1901-2000)$1http://www.wikidata.org/entity/Q6927$920936
=650  \0$aSound recording industry$1http://www.wikidata.org/entity/Q10302058$92246
=650  \0$aMusical style$1http://www.wikidata.org/entity/Q11921029$92421
=650  \0$aPerformance$1http://www.wikidata.org/entity/Q6942562$926223
=942  \\$cBOO
=952  \\$00$10$2ddc$40$6MTP_2_000000000000000_PHIL$70$8MTP$910100$aORPH$bORPH$cKM12_1$d2021-01-12$l0$oMTP2 PHIL$p20120385$r2021-01-12 00:00:00$w2021-01-12$yBOO
=952  \\$00$10$2ddc$40$6MTP_2_000000000000000_PHIL$70$8MTP$915034$aORPH$bORPH$cKM12_1$l0$oMTP2 PHIL$p20134474$r2021-01-12 00:00:00$w2021-01-12$yBOO
=999  \\$d15042

