=LDR  00934aam a2200193   4500
=001  15043
=005  20250925143302.0
=008  120113s1990\\\\\\\\\\\\\\\\\\\\\\0\eng
=020  \\$a0300045379
=041  \\$aeng
=100  \\$aFriedemann, L. Michael$4aut$917000
=245  \\$aEar Training for Twentieth-Century Music
=260  \\$aNew Haven, CT$bYale University Press$c1990
=300  \\$a211 pages
=520  \\$aMichael Friedmann's Ear Training for Twentieth-Century Music is a skills text; using non-tonal materials, students are asked to improvise at the keyboard, sing at sight, take dictation, memorize melodies by rote, and identify selected set classes by eye and ear.
=648  \0$a20th Century (1901-2000)$1http://www.wikidata.org/entity/Q6927$920936
=942  \\$cBOO
=952  \\$00$10$2ddc$40$6MTP_4_000000000000000_FRIE$70$8MTP$915035$aORPH$bORPH$cKM12_1$d2022-01-17$oMTP4 FRIE$p20135488$r2021-01-12 00:00:00$w2021-01-12$yBOO
=999  \\$d15043

