=LDR  01942aam a2200181   4500
=001  15044
=005  20250120120025.0
=008  140821s1997\\\\\\\\\\\\\\\\\\\\\\0\e
=020  \\$a9780198152217
=041  \\$aeng
=100  \\$aWest, M. L.$4aut$915902
=245  \\$aThe east face of helicon: West Asiatic elements in Greek poetry and myth
=260  \\$aOxford$bOxford university press$c1997
=300  \\$a662
=520  \\$aOver the last sixty years scholars have increasingly become aware of links connecting early Greek poetry with the literatures of the ancient Near East. Martin West's new book far surpasses previous studies in comprehensiveness, demonstrating these links with massive and detailed documentation and showing they are much more fundamental and pervasive than has hitherto been acknowledged. - ;Ever since Neolithic times Greek lands lay open to cultural imports from western Asia: agriculture, metal-working, writing, religious institutions, artistic fashions, musical instruments, and much more. Over the last sixty years scholars have increasingly become aware of links connecting early Greek poetry with the literatures of Mesopotamia, Anatolia, Canaan, and Israel. Martin West's new book far surpasses previous studies in comprehensiveness, demonstrating these links with massive and detailed documentation and showing that they are much more fundamental and pervasive than has hitherto been acknowledged. His survey embraces Hesiod, the Homeric epics, the lyric poets, and Aeschylus, and concludes with an illuminating discussion of possible avenues of transmission between the orient and Greece. He believes that an age has dawned in which Hellenists will no more be able to ignore Near Eastern literature than Latinists can ignore Greek. -
=942  \\$cBOO
=952  \\$00$10$2ddc$40$6LIT_WEST_A$70$8LIT$915036$aORPH$bORPH$cKM12_2_H$d2021-08-30$g104.94$oLIT WEST a$p20131330$r2021-01-12 00:00:00$w2021-01-12$yBOO
=999  \\$c15044$d15044

