=LDR  00584aam a2200157   4500
=001  15046
=005  20250120120057.0
=008  120716s2003\\\\\\\\\\\\\\\\\\\\\\0\dut
=100  \\$aPauwels, Tom$4aut$917002
=245  \\$aDe echo van 't saluut
=260  \\$aGhent$bOrpgheus Institute$c2003
=300  \\$a111 pages
=520  \\$aScriptie tot het behalen van de titel 'Laureaat van het Orpheus Instituut'
=942  \\$cDIS
=952  \\$00$10$2ddc$3Varia : 1$40$6MTP_5_000000000000000_PAUW$70$8MTP$915038$aORPH$bORPH$cKM12_1$d2021-08-31$oMTP5 PAUW$p20131373$r2021-01-12 00:00:00$w2021-01-12$yDIS
=999  \\$d15046

