=LDR  01419aam a2200181   4500
=001  15050
=005  20250716114813.0
=008  140113s1979\\\\\\\\\\\\\\\\\\\\\\0\eng
=020  \\$a0395270499
=041  \\$aeng
=100  1\$aGibson, James J.$d1904-1979$4aut$927429
=245  \\$aThe Ecological Approach to Visual Perception
=260  \\$aBoston$bHoughton Mifflin$c1979
=300  \\$a332 pages
=520  \\$aThis is a book about how we see: the environment around us (its surfaces, their layout, and their colors and textures); where we are in the environment; whether or not we are moving and, if we are, where we are going; what things are good for; how to do things (to thread a needle or drive an automobile); or why things look as they do.

The basic assumption is that visio depends on the eye which is connected to the brain. The author suggests that natural vision depends on the eyes in the head on a body supported by the ground, the brain being only the central organ of a complete visual system. When no constraints are put on the visual system, people look around, walk up to something interesting and move around it so as to see it from all sides, and go from one vista to another. That is natural vision -- and what this book is about.
=942  \\$cBOO
=952  \\$00$10$2ddc$40$6PHI_GIBS_A$70$8PHI$915042$aORPH$bORPH$cKM12_3_2$d2021-08-11$g43.00$oPHI GIBS a$p20133675$r2021-01-12 00:00:00$w2021-01-12$yBOO
=999  \\$d15050

