=LDR  01804aam a2200181   4500
=001  15051
=005  20250120120057.0
=008  161122s2014\\\\\\\\\\\\\\\\\\\\\\0\fre
=020  \\$a9782707178700
=041  \\$afre
=100  \\$4aut$aYves Citton$917007
=245  \\$aL'Économie de l'attention : $bNouvel horizon du capitalisme ?
=260  \\$aParis$bÉditions La Découverte$c2014
=300  \\$a320 pages
=520  \\$aDepuis une vingtaine dannées, on entend dire quune « nouvelle économie » est en passe de supplanter les anciens modes déchange des biens matériels  une économie dont lattention constituerait la première rareté et la plus précieuse source de valeur. À quoi ressemble donc cette économie de lattention ? Quels nouveaux outils sont nécessaires pour en comprendre les mécanismes ? Que faut-il en craindre ou que pouvons-nous en espérer ?
Des neurosciences à la sociologie, de la création de logiciels à la philosophie éthique, une grande diversité de disciplines sont convoquées ici pour éclairer léconomie de lattention à partir de multiples perspectives critiques. Il en ressort quil est aujourdhui indispensable de penser le destin de nos économies en termes dattention  mais quil serait calamiteux de laisser les seules logiques capitalistes reconfigurer nos régimes attentionnels.
Remède au productivisme forcené qui épuise nos ressources matérielles, ou symptôme de la colonisation qui soumet nos esprits à lemprise du capital ? Léconomie de lattention ne se situe pas seulement au carrefour des disciplines : elle est surtout au carrefour des chemins où se tracera notre avenir.
=942  \\$cBOO
=952  \\$00$10$2ddc$40$6PHI_CITT_A$70$8PHI$915043$aORPH$bORPH$cKM12_3_2$d2021-08-11$g24.00$oPHI CITT a$p20133618$r2021-01-12 00:00:00$w2021-01-12$yBOO
=999  \\$d15051

