=LDR  01024aam a2200241   4500
=001  15059
=005  20250925143302.0
=008  140829s2011\\\\\\\\\\\\\\\\\\\\\\0\fre
=020  \\$a9782355260926
=041  \\$afre
=100  \\$aGuattari, Félix$d1930-1992$4aut$1http://www.wikidata.org/entity/Q352465$915915
=245  \\$aEcrits pour l'Anti-Œdipe
=260  \\$aClamecy$bLignes$c2011
=300  \\$a514 pages
=600  \0$aDeleuze, Gilles$d1925-1995$1http://www.wikidata.org/entity/Q184226$915927
=648  \0$a20th Century (1901-2000)$1http://www.wikidata.org/entity/Q6927$920936
=650  \0$aPhilosophy$1http://www.wikidata.org/entity/Q5891$92357
=650  \0$aPostmodernism$1http://www.wikidata.org/entity/Q47783$923399
=651  \0$aFrance$1http://www.wikidata.org/entity/Q142$9131
=700  \\$aNadaud, Stéphane$4edt$927193
=942  \\$cBOO
=952  \\$00$10$2ddc$40$6PHI_GUAT_A$70$8AES$915051$aORPH$bORPH$cKM12_3_2$d2014-06-16$g28.63$l0$oPHI GUAT a$p20132248$r2021-01-12 00:00:00$w2021-01-12$yBOO$Vamazon.com
=999  \\$d15059

