=LDR  01358aam a2200205   4500
=001  15062
=005  20250120120058.0
=008  131210s2000\\\\\\\\\\\\\\\\\\\\\\0\f
=020  \\$a9782747511100
=041  \\$afre
=100  \\$4edt$4win$aLévy, Fabien$d-1968$1http://www.wikidata.org/entity/Q829275$917016
=245  \\$aLes écritures du temps (musique, rythme, etc.)
=260  \\$aParis$bL'Harmattan$c2000
=300  \\$a236 pages
=490  \\$aLes cahiers de l'Ircam
=520  \\$aPour marquer le passage à l'an 2000, le Centre Pompidou avait organisé une sorte d'exposition-manifeste : le temps, vite. Outre la conception des aspects sonores de l'exposition, l'Ircam accompagnait l'événement par un cycle de conférences intitulé Les écritures du temps. Les textes ici en constituent la trace écrite. Ce sont, du XIIIe au XXe siècle, et de l'Occident jusqu'à Bali, des études sur la manière dont le temps s'écrit en musique. Mais ce sont aussi des regards sur la façon dont la musique écrit le temps : comment elle en invente de nouvelles formes, figures ou représentations.
=650  \0$aRhythm$1http://www.wikidata.org/entity/Q170406$92724
=942  \\$cBOO
=952  \\$00$10$2ddc$40$6MTP_1_000000000000000_LEVY$70$8MTP$915054$aORPH$bORPH$cKM12_1$d2013-11-29$l1$oMTP1 LEVY$p20139111$r2022-06-08 00:00:00$s2021-03-12$v18.95$w2013-11-29$yBOO
=999  \\$d15062

