=LDR  01456aam a2200181   4500
=001  15064
=005  20250120120044.0
=008  140619s2009\\\\\\\\\\\\\\\\\\\\\\0\f
=020  \\$a9782746504219
=041  \\$afre
=100  \\$aSerres, Michel$d1930-2019$4aut$1http://www.wikidata.org/entity/Q364456$916516
=245  \\$aÉcrivains, savants et philosophes font le tour du monde
=260  \\$aParis$bLe pommier$c2009
=300  \\$a148
=520  \\$aCe livre vous convie à plusieurs tours du monde. Et d'abord à celui que font les ethnologues pour découvrir les cultures dites « exotiques ». Philippe Descola les ordonne en: totémistes, animistes, analogistes. Ces classes, Michel Serres les utilise pour lire nos propres créations. Etrange et joyeuse surprise, nos écrivains : Michelet, Proust, Flaubert, nos philosophes profonds : Bergson, Leibniz, nos inventeurs dans les sciences : Linné, Galilée, Euclide, voient le monde comme des Inuits du Grand Nord, des Aborigènes australiens ou certaines tribus amérindiennes d'Amazonie! Nos génies inventeraient-ils, si, à l'écart de leur histoire, et de leur société, ils ne pensaient pas autrement qu'elles ? De ce nouveau tour, les Suvres de notre culture deviennent aussi rutilantes et chamarrées que des mappemondes.
=942  \\$cBOO
=952  \\$00$10$2ddc$40$6PHI_SERR_A$70$8PHI$915056$aORPH$bORPH$cKM12_3_2$d2021-08-18$g15.40$oPHI SERR a$p20133934$r2021-01-12 00:00:00$w2021-01-12$yBOO
=999  \\$c15064$d15064

