=LDR  00962aam a2200217   4500
=001  15066
=005  20250925143302.0
=008  131113s1923\\\\\\\\\\\\\\\\\\\\\\0\fre
=041  \\$afre
=100  \\$aTinel, Paul$4aut$917019
=245  \\$aEdgar Tinel :$ble récit de sa vie et l'exégèse de ses oeures de 1854 à 1886
=260  \\$aBrussels$bLombaerts$c1923
=300  \\$a304 pages
=600  \0$aTinel, Edgar$d1854-1912$1http://www.wikidata.org/entity/Q377071$921011
=648  \0$a19th Century (1801-1900)$1http://www.wikidata.org/entity/Q6955$920935
=648  \0$a20th Century (1901-2000)$1http://www.wikidata.org/entity/Q6927$920936
=651  \0$aBelgium$1http://www.wikidata.org/entity/Q31$920881
=942  \\$cBOO
=952  \\$00$10$2ddc$40$6BIO_TINE_D$70$8BIO$915058$aORPH$bORPH$cKTS1_P$d2021-10-19$eKoopman$oBIO TINE d$p20130019$r2021-01-12 00:00:00$w2021-01-12$x2013/0019$yBOO
=999  \\$c15066$d15066
=650  \0$aBiography$1http://www.wikidata.org/entity/Q36279$91927

