=LDR  01263aam a2200265   4500
=001  15073
=005  20250120120517.0
=008  150702s1892\\\\\\\\\\\\\\\\\\\\\\0bfre\d
=041  \\$afre
=100  \\$aClosson, Ernest$d1870-1950$4aut$1http://www.wikidata.org/entity/Q27903961$917025
=245  \\$aEdvard Grieg et la musique scandinave
=260  \\$aParis$bFischbacher$aBrussels$bSchott$c1892
=300  \\$a62 pages
=490  \\$aGuide Musical
=500  \\$aAutograph dedication "A Monsieur Eeckhoudt  Hommage de d'auteur" Février 1892
=600  \0$aGrieg, Edvard$d1843-1907$1http://www.wikidata.org/entity/Q80621$918701
=648  \0$a19th Century (1801-1900)$1http://www.wikidata.org/entity/Q6955$920935
=650  \0$aComposer$1http://www.wikidata.org/entity/Q36834$93625
=650  \0$aBiography$1http://www.wikidata.org/entity/Q36279$91927
=650  \0$aMusic history$1http://www.wikidata.org/entity/Q846047$921373
=651  \0$aScandinavia$1http://www.wikidata.org/entity/Q21195$922682
=856  \\$uhttps://books.google.be/books?id=1q_e85yd67cC$3Google Books
=942  \\$cBOO
=952  \\$00$10$2ddc$40$6KTS_1_000000000000000_H_04_018$70$8RAR$915065$aORPH$bORPH$cKTS1_H$d2022-09-02$l0$oKTS1 H.04.018$p20130126$r2021-01-12 00:00:00$w2021-01-12$yBOO
=999  \\$d15073

