=LDR  00645aam a2200181   4500
=001  15077
=005  20250120120345.0
=008  170214s1928\\\\\\\\\\\\\\\\\\\\\\0\n
=041  \\$adut
=100  \\$4Auteur$aAugustine of Hippo$d354-430$1http://www.wikidata.org/entity/Q8018$95891
=100  \\$4Vertaler$aVermuyten, Frans$917032
=245  \\$aDe eenvoudigen onderwezen
=260  \\$aAntwerpen$bN. V. Leeslust$c1928
=260  \\$aEindhoven$bN. V. Lecturis$c1928
=300  \\$a109
=942  \\$cBOO
=952  \\$00$10$2ddc$40$6PHI_AUGU_A$70$8PHI$915069$aORPH$bORPH$cKM12_3_2$d2021-08-09$oPHI AUGU a$p20133391$r2021-01-12 00:00:00$w2021-01-12$yBOO
=999  \\$c15077$d15077

