=LDR  03139aam a2200229   4500
=001  15078
=005  20250906121749.0
=008  120307s2004\\\\\\\\\\\\\\\\\\\\\\0\dut
=020  \\$a9789035126440
=041  \\$adut
=245  \\$aEerst de waarheid, dan de schoonheid:$bbeschouwingen over wetenschap en kunst
=260  \\$aAmsterdam$bBert Bakker$c2004
=300  \\$a171 pages
=520  \\$aBijna een halve eeuw geleden plaatste Charles P. Snow de 'twee culturen', die van de wetenschappers en die van de literaire intellectuelen, lijnrecht tegenover elkaar. In het najaar van 2000 legden enkele wetenschappers en schrijvers voor het Studium Generale en de SLA in Utrecht uit hoe zij de verwantschap of de afstand ervaren tussen wetenschap en kunst. Hun aanpak en bevindingen zijn erg uiteenlopend. Verbeeldingskracht, stelt Jaap van Heerden, heb je in beide disciplines nodig. Toch zijn er belangrijke pragmatische en sociale verschillen: in de wetenschap bv. doe je een tevredenstellend bewijs niet nog eens over, in literatuur kan men de uitbeelding van een bepaalde situatie eindeloos herhalen. Ilja Leonard Pfeijffer keert terug naar de Griekse Oudheid, toen wetenschap en poëzie nog synoniem waren, en verklaart waarom dat thans niet meer kan. Hij maakt een onderscheid tussen zijn assembleerhoofd als dichter en zijn hoofd van demontage als filoloog. Herman Franke belicht in een stevig gedocumenteerde stuk de hechte relaties tussen criminologie en literatuur. Gerrit Krol beschrijft de band tussen ontdekken en uitvinden aan de hand van een 'wetenschappelijk gedicht'. Rutger Kopland vertelt in een te kort interview hoe hetzelfde uitgangspunt van wetenschapper en dichter (iets willen begrijpen) uitmondt in een ander soort activiteit. In een gedreven, enigszins polemische bijdrage houdt Menno Lievers een pleidooi voor het in ongenade gevallen realisme, dat hij nuanceert in zijn betekenis voor wetenschap en literatuur. Een indrukwekkend persoonlijk getuigenis komt van stadsonderzoeker Lodewijk Brunt, die literaire werken over de stad als een onmisbare aanvulling en correctie van academisch onderzoek ziet. Vincent Icke beschrijft fascinerend hoe bij Constantijn Huygens de prille mechanica van de sterren gepaard gaat met poëtische sciencefiction. Ronald Giphart ten slotte doet verslag van zijn omgang met evolutiepsycho- en biologische literatuur. Met Richard Dawkins meent hij dat zowel wetenschap als poëzie ingaan tegen de 'verdoving van het bekende'. De lezingen in deze bundel vormen ondanks de nu en dan oppervlakkige of springerige betoogtrant een mooie introductie tot een thema waarover nog lang niet het laatste woord is gezegd. [Erik de Smedt] 
=650  \0$aPhilosophy$1http://www.wikidata.org/entity/Q5891$92357
=650  \0$aScience$1http://www.wikidata.org/entity/Q7991$921650
=650  \0$aFine art$1http://www.wikidata.org/entity/Q219625$921579
=700  \\$4edt$aKlukhuhn, André$917033
=700  \\$4edt$aJaeger, Toef$917034
=942  \\$cBOO
=952  \\$00$10$2ddc$40$6PHI_KLUK_A$70$8PHI$915070$aORPH$bORPH$cKM12_3_2$d2021-08-10$g16.10$oPHI KLUK a$p20133468$r2021-01-12 00:00:00$w2021-01-12$yBOO
=999  \\$d15078

