=LDR  01195aam a2200193   4500
=001  15079
=005  20250120120304.0
=008  120328s2002\\\\\\\\\\\\\\\\\\\\\\0\n
=020  \\$a9789065540164
=041  \\$adut
=100  \\$4Auteur$aAristoteles$d384-322 BC$1http://www.wikidata.org/entity/Q868$94906
=100  \\$4Translator$aSteel, Carlos$917036
=245  \\$aDe eerste filosofie: Metaphysica Alpha
=260  \\$aGroningen$bHistorische Uitgeverij$c2002
=300  \\$a96
=520  \\$aDe Griekse filosoof Aristoteles schreef de beroemde Metaphysica. In De eerste filosofie is het eerst deel van dit beroemde boek, Metaphysica Alpha, prachtig vertaald en toegelicht. De Griek legt hierin uit wat eerste filosofie is. Het is de hoogste wijsheid die een mans kan bereiken en een inzicht in de eerste oorzaken van alles wat er is. Op toegankelijke wijze behandelt Aristoteles de ontwikkeling van de filosofie van Thales van Milete tot Pythagoras, Socrates en Plato tot hij uit deze rijkdom van denkwijzen datgene distilleert.

=942  \\$cBOO
=952  \\$00$10$2ddc$40$6PHI_ARIS_A$70$8PHI$915071$aORPH$bORPH$cKM12_3_2$d2021-08-06$oPHI ARIS a$p20133217$r2021-01-12 00:00:00$w2021-01-12$yBOO
=999  \\$c15079$d15079

