=LDR  01854aam a2200265   4500
=001  15081
=005  20250925143302.0
=008  120419s1994\\\\\\\\\\\\\\\\\\\\\\0\dut
=020  \\$a9789027431103
=041  \\$adut$heng
=100  \\$aHobsbawm, Eric$4aut$917038
=245  \\$aEen eeuw van uitersten: $bDe twintigste eeuw 1914-1991
=250  \\$a2nd ed.
=260  \\$aUtrecht$bHet Spectrum$c1994
=300  \\$a pages
=520  \\$aVan de verschrikkingen van de twee Wereldoorlogen naar de ongeëvenaarde welvaartsexplosie in de jaren daarna. In een pakkend betoog analyseert Hobsbawm niet alleen de loop van de recente geschiedenis. Hij wijst ook op de gevolgen en gevaren van de explosieve welvaartsgroei. Hij constateert natuurlijke, persoonlijke en sociale verarming zonder alternatieven, die zullen leiden tot een verontrustende samenlevingsvorm.

Een eeuw van uitersten is een integrale geschiedenis van de 'korte twintigste eeuw' 1914-1991. Het biedt een analyse van de belangrijkste politieke ontwikkelingen, maar beschrijft ook op meeslepende wijze sociaal-economische en cultuurhistorische processen.

Eric Hobsbawm is historicus en studeerde in Wenen, Berlijn, Londen en Cambridge. Hij was hoogleraar aan London University en aan de New School for Social Research in New York. Een eeuw van uitersten is een wereldwijde bestseller.

=534  \\$cOriginally published in 1994
=648  \0$a20th Century (1901-2000)$1http://www.wikidata.org/entity/Q6927$920936
=650  \0$aHistory$1http://www.wikidata.org/entity/Q309$921403
=700  \\$4trl$aAbeling, André$923310
=700  \\$4trl$aHeesen, Martha$923311
=765  \\$aAge of Extremes: The Short Twentieth Century 1914-1991
=942  \\$cBOO
=952  \\$00$10$2ddc$40$6HUM_HOBS$70$8HUM$915073$aORPH$bORPH$cKM12_1$d2021-12-22$oHUM HOBS$p20137603$r2021-01-12 00:00:00$w2021-01-12$yBOO
=999  \\$d15081

