=LDR  00972aam a2200193   4500
=001  15086
=008  180925s1972\\\\gw\da\\\\\\\\\\\\\0\ger\d
=020  \\$a3733000226
=041  \\$ager
=100  \\$4aut$aAdelung, Wolfgang$917043
=245  \\$aEinführung in den Orgelbau
=260  \\$aLeipzig$bVEB Breitkopf & Härtel Musikverlag$c1972
=300  \\$a242 pages + 32 
=520  \\$aIm Laufe der Jahre hat sich Wolfgang Adelungs ""Einführung"" zu einem unverzichtbaren Standardwerk entwickelt. In die vollständig revidierte und neu gestaltete Ausgabe 1992 hat der Autor die Quintessenz der Erkenntnisse aus den vergangenen zwei Jahrzehnten Orgelbau eingebracht.
=650  \0$aOrgan$1http://www.wikidata.org/entity/Q1444$92810
=650  \0$aOrganology$1http://www.wikidata.org/entity/Q899293$921400
=942  \\$cBOO
=952  \\$00$10$2ddc$40$6INS_3_000000000000000_1B$70$8INS$915078$aORPH$bORPH$cKTS0$d2023-03-14$l0$oINS3.1b$p20130971$r2021-01-12 00:00:00$w2021-01-12$yBOO
=999  \\$d15086

