=LDR  01404aam a2200181   4500
=001  15092
=005  20250120120015.0
=008  130712s1975\\\\\\\\\\\\\\\\\\\\\\0\d
=020  \\$a9783518277423
=041  \\$ager
=100  \\$aAdorno, Theodor W.$d1903-1969$4aut$1http://www.wikidata.org/entity/Q152388$915795
=245  \\$aEinleitung in die Musiksoziologie: 12 theoretische Vorlesungen
=260  \\$aFrankfurt am Main$bSuhrkamp$c1975
=300  \\$a269
=520  \\$aIn den Vorlesungen zur Einleitung in die Musiksoziologie, die Adorno im Wintersemester 1961/1962 in Frankfurt hielt, werden die Beziehungen zwischen Musik und Gesellschaft in den vielfältigen Formen der Vermittlung, Verfremdung und Verblendung bis hin zur Gängelung untersucht, jedoch nicht in der bloßen Gegenüberstellung von musikalischer Produktion und musikalischer Rezeption. Vielmehr werden in den musikalischen Gebilden selbst gesellschaftliche Momente aufgespürt und dann wieder in Beziehung gesetzt zu allgemeinen gesellschaftlichen Phänomenen einerseits und zum musikalischen Leben andererseits. Die Vorlesungen zielen von verschiedenen Richtungen her zu dem zentralen Thema jeder Musiksoziologie: der gesellschaftlichen Vermitteltheit von Musik.
=942  \\$cBOO
=952  \\$00$10$2ddc$40$6PHI_ADOR_A$70$8PHI$915084$aORPH$bORPH$cKM12_3_2$d2021-08-03$g22.00$oPHI ADOR a$p20132909$r2021-01-12 00:00:00$w2021-01-12$yBOO
=999  \\$c15092$d15092

