=LDR  00950aam a2200205   4500
=001  15095
=005  20230123102309.0
=008  120904s2008\\\\\\\\\\\\\\\\\\\\\\0\eng
=020  \\$a9780230573123
=041  \\$aeng
=100  \\$aClarke, Alan$4aut$917048
=245  \\$aE-Learning skills
=250  \\$a2
=260  \\$aNew York$bPalgrave Macmillan$c2008
=300  \\$a316 pages
=490  \\$aPalgrave study guides
=520  \\$aIncluding new material on blogs, wikis, podcasts and e-portfolios, the second edition reflects the increasing number of e-learning courses. This practical, flexible text helps students enhance and develop their existing skills whether they are a distance learner, or at an institution which has e-learning integrated into their programmes.
=942  \\$cBOO
=952  \\$00$10$2ddc$40$6REF_2_000000000000000_CLAR$70$8REF$915087$aORPH$bORPH$cKM12_1$d2021-08-23$g12.00$oREF2 CLAR$p20131221$r2021-01-12 00:00:00$w2021-01-12$yBOO
=999  \\$d15095

