=LDR  01976aam a2200205   4500
=001  15105
=005  20250925143302.0
=008  120214s2002\\\\\\\\\\\\\\\\\\\\\\0\ger
=020  \\$a9783890074252
=041  \\$ager
=100  \\$4aut$aUngeheuer, Elena$917055
=245  \\$aElektroakustische Musik
=260  \\$aLaaber$bLaaber-Verlag$c2002
=300  \\$a336
=490  \\$aHandbuch der Musik im 20. Jahrhundert$v5
=520  \\$aEs zählt zu den herausragenden Merkmalen elektroakustischer Musik, daß sie nach Anfängen in einigen wenigen Studios heute trotz oder gerade wegen der Verbreitung elektroakustischer Medien und Techniken in der Welt der Musik nicht gesichtslose Massenerscheinung geblieben ist. Vielmehr stellt sie in dem feinsinnigen Ineinanderwirken von Technik und Ästhetik, zu dem sie fähig ist, immer noch eine Herausforderung an den musikalischen Geist.
Der vorliegende Band spürt den besonderen Konzepten dieser Musik und ihren Verwirklichungen nach. Dabei werden der ganze Radius von den ersten musikalischen Automaten und elektromechanischen Musikinstrumenten über die Pionierzeit analogen Komponierens der 50er und 60er Jahre des 20. Jahrhunderts und ausgewählte Aspekte der Computermusik bis hin zu Industrial Rock, Techno und aktuellen Entwürfen der Netzmusik erfaßt. Die Diskussion der Bedingungen elektroakustischen Komponierens zeigt, daß allen Bestrebungen, die auf Elektrizität basierenden Klangerzeugungs- und Klangbehandlungstechniken im Sinne einer eigenwertigen, nicht imitativ orientierten Musik zu nutzen, ein experimenteller Gestus gemein ist. Dieser verlangt nach einer neuen Art musikalischen Hörens, das keine Illusion und vor allem keine Erkenntnis scheut.



 

=648  \0$a20th Century (1901-2000)$1http://www.wikidata.org/entity/Q6927$920936
=942  \\$cBOO
=952  \\$00$10$2ddc$40$6GHM_7_000000000000000$70$8GHM$915097$aORPH$bORPH$cKM12_1$d2021-10-19$g98.00$oGHM7$p20134971$r2021-01-12 00:00:00$w2021-01-12$yBOO
=999  \\$c15105$d15105

