=LDR  00592aam a2200157   4500
=001  15107
=005  20250120120059.0
=008  150910s1971\\\\\\\\\\\\\\\\\\\\\\0\d
=041  \\$ager
=100  \\$aLorenz, Kuno$4aut$917058
=245  \\$aElemente der sprachkritik: Eine alternative zum dogmatismus und skeptizismus in der analytischen philosophie
=260  \\$aFrankfurt am Main$bTheorie Suhrkamp verlag$c1971
=300  \\$a267
=942  \\$cBOO
=952  \\$00$10$2ddc$40$6PHI_LORE_A$70$8REC$915099$aORPH$bORPH$cKM12_3_2$d2021-08-11$oPHI LORE a$p20133823$r2021-01-12 00:00:00$w2021-01-12$yBOO
=999  \\$c15107$d15107

