=LDR  01539aam a2200205   4500
=001  15111
=005  20250120120531.0
=008  120131s1999\\\\\\\\\\\\\\\\\\\\\\0\eng
=020  \\$a9790312214134
=041  \\$aeng
=100  \\$aLidov, David$4aut$917060
=245  \\$aElements of Semiotics
=260  \\$aNew York$bSt. Martin's Press$c1999
=300  \\$a288 pages
=490  \\$aSemaphores and Signs$v6
=520  \\$aConventionally, one says that semiotics is the study of signs, and that a sign is something that stands for something else. These definitions are scant clues to the origins and motivations of semiotics as a characteristic intellectual movement of the 20th century. Elements of Semiotics offers a unified foundation for semiotics understood as a comparative perspective of the artifacts of mental life. It is arranged to be useful to the novice, presenting a new theory in the context of classical sources and identifying signs with consciousness. David Lidov establishes a sub-study of comparative articulation which builds on the work of Hjelmslev, Martinet, Goodman, and Troubetskoy. His concept of the "elaborated sign" allows a reconciliation of structural and pragmatistic insights, in which the observation that structure and reference may develop antithetically is a key principle.
=650  \0$aSemiotics$1http://www.wikidata.org/entity/Q60195$923080
=942  \\$cBOO
=952  \\$00$10$2ddc$40$6PHI_LIDO_A$70$8PHI$915103$aORPH$bORPH$cKM12_3_2$d2021-08-11$oPHI LIDO a$p20133828$r2021-01-12 00:00:00$w2021-01-12$yBOO
=999  \\$d15111

