=LDR  00828aam a2200181   4500
=001  15115
=005  20251009081720.0
=008  120131s2000\\\\\\\\\\\\\\\\\\\\\\0\e
=020  \\$a9780815325772
=041  \\$aeng
=100  \\$4edt$aCooper, John Xirox$917065
=245  \\$aT.S. Eliot's orchestra: Critical essays on poetry and music
=260  \\$aNew York$bGarland Publishing$c2000
=300  \\$a352
=520  \\$aNearly everyone who addresses Eliot's imaginative and critical work must acknowledge the importance of music in thematic and formal terms. This collection of original essays thoroughly explores this aspect of his work from a number of perspectives.
=942  \\$cBOO
=952  \\$00$10$2ddc$40$6BIO_ELIO_E$70$8BIO$915107$aORPH$bORPH$cKTS1_P$d2021-10-19$oBIO ELIO e$p20129819$r2021-01-12 00:00:00$w2021-01-12$yBOO
=999  \\$c15115$d15115

