=LDR  01600aam a2200193   4500
=001  15117
=005  20251009081720.0
=008  150707s1997\\\\\\\\\\\\\\\\\\\\\\0\e
=020  \\$a9781580460255
=041  \\$aeng
=100  \\$4edt$aBernard, Jonathan W.$917067
=245  \\$aElliott Carter: Collected essays and lectures, 1937-1995
=260  \\$aNew York$bUniversity of Rochester Press$c1997
=300  \\$a369
=520  \\$aElliott Carter (b.1908) is now generally acknowledged as America's most eminent living composer. This definitive volume of his essays and lectures - many previously unpublished or uncollected -shows his thinking and writing on music and associated issues developing in parallel with his career as a composer; his reputation became established in the 1950s, and the material in this book offers an important and knowledgeable commentary on the courseof American and European music in the succeeding decades. Carter's articles on his own music have become classic texts for students of his oeuvre; he also writes on the state of new music in Europe and the United States and the relations between music and the other arts. Other pieces range from a consideration of aspects of music to the work of individual composers. As a whole, the collection is the expression of Carter's musical philosophy, and a valuable record for historians of modern music.
=490  \\$aEastman Studies in Music$v7
=942  \\$cBOO
=952  \\$00$10$2ddc$40$6BIO_CART_A$70$8BIO$915109$aORPH$bORPH$cKTS1_P$d2021-10-19$g31.00$oBIO CART a$p20129670$r2021-01-12 00:00:00$w2021-01-12$yBOO$Vamazon.de
=999  \\$c15117$d15117

