=LDR  01861aam a2200241   4500
=001  15123
=005  20250120120100.0
=008  111115s2007\\\\\\\ao\\\\\\\\\\\\\0\eng\d
=020  \\$a9789027252074
=041  \\$aeng
=245  \\$aEmbodiment in Cognition and Culture
=260  \\$aAmsterdam$bJohn Benjamins Publishing Company$c2007
=300  \\$a304 pages
=490  \\$aAdvances in Consciousness Research$v71
=520  \\$aThis volume shows that the notions of embodied or situated cognition, which have transformed the scientific study of intelligence have the potential to reorient cultural studies as well. The essays adapt and amplify embodied cognition in such different fields as art history, literature, history of science, religious studies, philosophy, biology, and cognitive science. The topics include the biological genesis of teleology, the dependence of meaning in signs upon biological embodiment, the notion of image schema and the concept of force in cognitive semantics, pictorial self-portraiture as a means to study self-perception, the difference between reading aloud and silent reading as a way to make sense of literary texts, intermodal (kinesthetic) understanding of art, psychosomatic medicine, laughter as a medical and ethical phenomenon, the valuation of laughter and the body in religion, and how embodied cognition revives and extends earlier attempts to develop a philosophical anthropology. (Series A)
=650  \0$aPhilosophy$1http://www.wikidata.org/entity/Q5891$92357
=700  \\$4edt$aKrois, John Michael$916442
=700  \\$4edt$aRosengren, Mats$917072
=700  \\$4edt$aSteidele, Angela$917073
=700  \\$4edt$aWesterkamp, Dirk$917074
=942  \\$cBOO
=952  \\$00$10$2ddc$40$6PHI_KROI_A$70$8PHI$915115$aORPH$bORPH$cKM12_3_2$d2022-09-08$g100.00$l0$oPHI KROI a$p20131965$r2021-01-12 00:00:00$w2021-01-12$yBOO
=999  \\$d15123

