=LDR  01613aam a2200181   4500
=001  15124
=005  20250120120100.0
=008  150317s2005\\\\\\\\\\\\\\\\\\\\\\0\f
=020  \\$a2738116264
=041  \\$afre
=100  \\$aSève, Lucien$4aut$917075
=245  \\$aEmergence, complexité et dialectique
=260  \\$aParis$bOdile Jacob$c2005
=300  \\$a297
=520  \\$aFruit d'un travail collectif entre des scientifiques et un philosophe, ce livre a pour première originalité de se centrer sur ce qu'on y tient pour le cSur même de la complexité : la dynamique des systèmes non linéaires, où les rapports se font paradoxalement contradictoires entre tout et partie, cause et effet, déterminisme et imprédictibilité. Chaos, émergence, auto-organisation, complexité - à travers ces concepts aujourd'hui en plein débat paraît se révéler à nous plus qu'une série d'aspects inédits du réel une dimension fondamentale de ce réel tout entier.
La seconde originalité de cet ouvrage est de pousser la réflexion sur le sens philosophique de ces paradoxes scientifiques, en convoquant à nouveau ce grand absent de la culture logique contemporaine : la dialectique, ici exposée et mise en Suvre dans son ampleur sous des formes foncièrement repensées et mises à jour. La dialectique pour penser la non-linéarité, le complexe pensé dialectiquement : une nouvelle révolution paradigmatique ? Le débat est ouvert.
=942  \\$cBOO
=952  \\$00$10$2ddc$40$6PHI_SEVE_A$70$8PHI$915116$aORPH$bORPH$cKM12_3_2$d2021-08-18$g27.00$oPHI SEVE a$p20133957$r2021-01-12 00:00:00$w2021-01-12$yBOO
=999  \\$c15124$d15124

