=LDR  01412aam a2200217   4500
=001  15130
=005  20230123102314.0
=008  120202s2011\\\\\\\\\\\\\\\\\\\\\\0\e
=020  \\$a9783938809792
=041  \\$ae
=041  \\$ad
=100  \\$4Editor$aKnipper, Till$917083
=100  \\$4Editor$aZwenzner, Michael$917084
=245  \\$aEmmanuel Nunes
=260  \\$aMünchen$bRicordi$c2011
=300  \\$a98
=520  \\$aThe art of Emmanuel Nunes sets standards for the music of today. His compositions resist the economic cycles of compositional fashions and ideologies in a most impressive way. The artistic qualities of his work have been so profoundly convincing that - following a fine Ricordi tradition lasting over 200 years - we have embarked on the publishing venture of helping to bring this composer?s works, which blow apart all conventions, and all standard formats, into the world. [...] We feel our view has been confirmed time after time by the many skilled and enthusiastic musicians, conductors, ensembles and representatives of various institutions who have advocated Nunes' music, and still do. This is reinforced not least by the numerous contributions to the present publication.
=546  \\$aE / D
=942  \\$cBOO
=952  \\$00$10$2ddc$3CD : 1$40$6BIO_NUNE_B$70$8BIO$915122$aORPH$bORPH$cKTS1_P$d2021-10-19$oBIO NUNE b$p20129839$r2021-01-12 00:00:00$w2021-01-12$xincluding a CD$yBOO
=999  \\$c15130$d15130

